3212 5206
313 551 343 595 ’72
696 551 822 595 namuel
837 554 877 596 DE
890 553 1037 595 SILGRAVE
1269 557 1305 606 [A.
1320 558 1346 598 D.
1363 551 1420 599 1066.

317 719 393 767 vero
413 723 503 786 pucr,
518 721 575 788 por
595 702 787 767 oblivionem
812 704 989 769 obstetricis
1010 706 1044 769 in
1067 702 1216 768 stramine
1244 716 1417 792 porrectus,

316 815 424 879 ambas
455 837 566 879 manus
588 815 698 901 junco,
722 839 788 902 quo
816 819 1036 904 pavimentum
1061 817 1235 902 tegebatur,
1262 816 1414 902 implevit

319 925 421 1002 Quod
437 925 567 1011 quidem
583 928 616 990 in
633 929 872 1012 prognosticum
882 929 1106 1003 aestimabatur,
1123 925 1211 1014 quod
1228 928 1263 991 in
1282 927 1414 992 multam

313 1048 502 1123 potestatem
521 1050 674 1102 cresceret
690 1049 722 1100 ct
737 1038 945 1121 probitatem:
969 1035 1127 1124 siquidem
1144 1037 1242 1101 etiam
1259 1036 1413 1101 obstetrix

314 1147 415 1234 ipsius
437 1145 622 1211 acclamavit
643 1168 777 1231 puerum
801 1169 910 1234 regam
932 1149 1084 1212 futurum.
1145 1147 1211 1213 Qui
1234 1167 1333 1233 quum
1361 1145 1418 1210 ali·

317 1257 465 1345 quan'diu
494 1257 580 1342 apud
606 1257 790 1345 Faleseyam
806 1260 992 1338 nutriretur,
1004 1259 1159 1323 transiens
1174 1257 1356 1321 Willelmus

382 1391 438 1456 per
450 1368 585 1434 eandem
601 1367 708 1433 villam
724 1383 851 1435 vocatus
861 1383 936 1434 esta
948 1369 1087 1456 quodam
1098 1369 1258 1454 burgensi,
1269 1383 1305 1434 ut
1316 1368 1417 1432 filium

313 1482 435 1546 domini
458 1481 508 1546 sui
530 1480 679 1544 visitaret.
725 1483 770 1546 At
793 1482 859 1567 ipsc
882 1482 1042 1566 ingressus
1064 1482 1098 1545 in
1121 1480 1253 1544 domum
1276 1481 1331 1544 ubi
1347 1495 1415 1544 erat

314 1613 403 1676 puer,
431 1590 577 1676 turpibus
599 1590 629 1652 ei
654 1591 758 1654 verbis
782 1591 952 1668 insultavit,
969 1604 1079 1678 utpote
1113 1591 1168 1675 qui
1191 1603 1295 1655 toturn
1325 1590 1416 1658 ducis

315 1723 418 1790 genus
440 1701 515 1766 odio
538 1701 684 1778 babebat,
707 1715 773 1766 tam
796 1705 862 1788 ipse
884 1725 980 1789 quam
1003 1725 1106 1790 genus
1128 1725 1232 1782 suum,
1248 1700 1336 1788 quod
1354 1703 1416 1796 ini·

314 1839 413 1901 quum
430 1831 497 1882 erat
513 1831 545 1881 et
560 1817 742 1904 pessimum.

356 1931 486 1993 Interea
507 1929 617 1993 volens
639 1929 705 1992 dux
731 1929 891 1994 Robertus
920 1931 965 1994 ire
990 1929 1256 2016 Hierosolymam,
1280 1941 1415 1994 nonest

315 2061 467 2125 passusa
495 2040 560 2103 suis
589 2039 789 2104 transfretare
820 2063 886 2128 prae
917 2043 1030 2106 timore
1062 2040 1355 2128 Burgundiensium
1380 2053 1414 2103 et

276 2213 279 2217 .
316 2152 497 2227 Britonum,
523 2173 658 2238 quorum
682 2152 810 2238 utrique
836 2153 889 2238 jus
920 2153 1099 2218 clamabant
1120 2153 1235 2216 habere
1266 2153 1300 2215 iu
1331 2149 1415 2215 Nor·

316 2263 454 2337 mannia,
465 2263 567 2326 donec
583 2263 649 2346 ipsc
665 2262 730 2327 dux
745 2263 847 2327 filium
863 2287 958 2328 suum
973 2264 1019 2328 eis
1034 2262 1172 2328 dedisset
1187 2243 1220 2325 in
1236 2260 1413 2339 dominum,

313 2387 346 2437 et
361 2375 420 2460 ipsi
432 2397 508 2438 eum
523 2374 776 2440 libentissimead
787 2375 877 2439 ducis
892 2375 1074 2439 instantiam
1085 2374 1298 2438 admitterent.
1323 2374 1414 2437 Tunc

314 2484 416 2549 filium
454 2508 548 2550 suum
586 2486 786 2550 Willelmum
827 2489 894 2572 regi
933 2486 1074 2551 Franciae
1105 2487 1315 2570 praesentavit,
1354 2487 1410 2572 qni

312 2597 451 2682 suscepit
479 2599 547 2683 ejus
577 2597 762 2684 homagium
792 2612 824 2662 et
853 2596 1001 2684 seysiavit
1030 2619 1105 2660 eum
1130 2597 1171 2667 de
1201 2595 1411 2690 Normannia.

313 2709 389 2773 Dux
426 2731 500 2773 vero
531 2723 629 2774 totam
661 2718 779 2774 terram
805 2731 894 2774 snam
924 2708 1056 2773 domino
1087 2695 1272 2787 Britanniae,
1304 2707 1411 2774 Alano

311 2837 448 2908 cognato
471 2847 538 2902 suo,
555 2825 713 2889 commisit
735 2822 999 2908 custodiendam
1027 2822 1085 2908 qui
1104 2825 1168 2889 cito
1191 2837 1263 2909 post
1285 2844 1410 2889 veneno

314 2934 443 2999 intente.
647 3005 649 3009 ,
1168 2913 1170 2918 ’

355 3047 432 3108 Post
462 3046 532 3120 hoc,
549 3045 765 3123 Willelmusii,
782 3046 933 3132 patruelis
958 3046 1049 3110 ducis
1078 3045 1231 3110 Willelmi
1258 3045 1412 3124 Bastardia

309 3157 437 3241 genitus
452 3155 493 3220 de
509 3156 616 3234 Pavia,
632 3179 738 3220 comes
761 3157 802 3220 de
825 3157 937 3242 Capio,
951 3157 1046 3223 frater
1066 3157 1215 3243 Malgerii
1242 3157 1412 3244 archiepis-

311 3269 382 3351 copi
412 3268 565 3345 uterinus,
596 3269 687 3332 miles
724 3270 864 3355 optimus
893 3283 926 3334 et
955 3284 1114 3349 strenuus,
1143 3269 1220 3333 duci·
1248 3269 1411 3334 Willelmo

308 3379 480 3457 invidebat,
504 3395 536 3444 et
566 3380 792 3465 indignabatur
814 3381 902 3467 quod
925 3383 993 3468 ipse
1016 3381 1198 3457 durasset,
1221 3404 1323 3468 quum
1345 3404 1411 3446 non

310 3505 391 3557 osset
407 3491 576 3577 legitimus,
593 3490 757 3555 confidens
772 3491 812 3555 de
828 3513 902 3577 rege
919 3490 1121 3555 Francorum.
1154 3491 1215 3554 Cui
1230 3491 1412 3555 Willelmns

307 3587 375 3666 dux
404 3625 462 3687 pro
491 3605 612 3667 honore
631 3599 767 3689 'generis
797 3603 846 3667 sui
875 3615 908 3666 et
937 3623 1015 3687 pace
1045 3601 1211 3680 firmanda,
1231 3614 1263 3665 et
1293 3602 1412 3667 fiducia

309 3713 456 3778 habenda
486 3715 518 3777 in
545 3715 623 3798 ipso,
645 3714 775 3778 dederat
808 3713 993 3778 comitatum
1015 3713 1056 3776 dc
1073 3713 1181 3797 Caylo.
1227 3715 1301 3799 Ipse
1324 3737 1409 3796 vere,

308 3839 413 3910 spreta
435 3824 499 3889 fide
522 3824 621 3900 ducis,
645 3827 769 3889 munito
792 3837 893 3889 castro
915 3846 983 3901 suu,
1005 3824 1102 3910 coepit
1124 3823 1240 3888 ducem
1263 3825 1409 3893 infestare

305 4225 337 4265 scr
345 4227 380 4266 his
393 4227 533 4274 deprivatiom
547 4228 630 4266 created
640 4228 685 4265 him
696 4227 744 4265 Eur}
753 4226 863 4265 0r0xtoru
877 4240 882 4272 ;
904 4225 974 4264 which
985 4235 1033 4272 was,
1043 4236 1092 4275 says
1101 4227 1178 4274 Baker,
1189 4231 1222 4268 ‘to
1230 4239 1270 4269 use
1279 4230 1324 4270 him
1338 4230 1381 4270 like
1395 4241 1409 4274 a

306 4296 370 4342 child,
380 4297 429 4336 take
438 4307 498 4345 away
511 4297 590 4344 cjewet
598 4297 640 4335 and
647 4297 719 4344 plesse
727 4296 773 4334 him
782 4295 866 4333 withan
875 4295 952 4342 apple'

329 4362 345 4402 ‘t
360 4363 488 4411 commonly
501 4363 672 4402 cellchitb'am
686 4363 712 4401 de
723 4362 819 4411 Arqucs:
835 4361 862 4400 he
874 4370 917 4400 war
929 4360 1016 4398 brother
1030 4360 1054 4399 or
1067 4361 1166 4401 Edward.
