3252 5170
364 551 428 614 140
829 574 1006 620 sxcsnrra

408 719 616 785 Smnnnurns
627 719 798 787 crudeliter
812 744 897 788 anno
912 747 977 789 uno
997 736 1031 789 et
1050 724 1143 811 paulo
1163 723 1234 811 plus
1256 728 1411 813 regnavit,

363 843 396 896 et
410 853 429 894 a
443 853 543 917 regno
558 831 708 920 equlsns
723 843 756 897 et
768 846 877 918 postea
888 836 1010 900 occisus
1024 849 1081 900 est.

405 943 643 1008 Knuwnnenus
657 943 802 1030 regnavit
819 943 935 1039 vigiqti
952 967 1008 1010 sex
1026 945 1127 1024 annis,
1147 968 1241 1030 quem
1260 945 1413 1036 sigeber·

365 1062 417 1116 tus
430 1050 527 1117 frater
540 1052 624 1138 regis
637 1052 780 1140 predicti
791 1053 863 1118 neci
885 1051 1024 1120 tradidit

405 1163 612 1228 Brncrurcns
626 1162 769 1249 regnavit
779 1161 918 1228 sedecim
934 1162 1034 1240 annis,
1051 1163 1143 1249 cnjus
1158 1174 1301 1249 tempore
1309 1165 1412 1251 prim·

362 1293 418 1336 um
434 1273 595 1338 Dacorum
610 1273 732 1338 saevitia
748 1272 947 1339 Britanniam
957 1272 1122 1339 lacessivit.

406 1381 587 1448 Ensunnns
600 1384 743 1470 regnavit
758 1395 879 1470 septem
892 1397 925 1449 et
939 1383 1069 1470 triginta
1083 1384 1184 1461 annis,
1204 1397 1237 1450 et
1260 1384 1414 1471 praedavit

361 1493 397 1558 in
419 1493 586 1558 Britannia
606 1496 646 1559 sb
676 1493 806 1560 Oriente
829 1517 930 1579 usque
952 1494 993 1560 ad
1018 1494 1240 1572 Occidentem,
1270 1496 1411 1583 vicitque

361 1603 446 1670 bello
468 1603 683 1670 Bearvvnlfum
712 1627 821 1693 regem
851 1599 985 1672 Mercisc
1013 1618 1047 1671 et
1074 1605 1269 1673 Baldredum
1298 1629 1410 1692 regem

364 1713 497 1793 cantia,
508 1729 655 1802 etregem
665 1715 777 1781 Wilnfe
789 1729 823 1781 et
831 1717 945 1781 Dacos.

405 1825 660 1893 Ernnnwnnsus
678 1826 823 1914 regnavit
845 1825 1057 1892 novendecim
1079 1827 1181 1904 annis,
1199 1827 1366 1913 victusque
1389 1851 1410 1893 a

359 1937 457 2002 Dacis
466 1937 552 2022 apud
567 1938 705 2016 Carnam,
716 1933 891 2023 perniciose
906 1937 982 2002 vicit
996 1959 1049 2002 eos
1064 1936 1150 2023 apud
1166 1937 1276 2004 Aclea.

403 2047 662 2125 Ennnnuannus,
672 2047 757 2113 filius
771 2046 853 2134 regis
867 2047 1019 2131 praedicti,
1029 2046 1173 2140 regnavit
1189 2047 1329 2134 quinque
1349 2072 1408 2114 an-

359 2157 410 2223 nis
424 2170 458 2223 et
471 2159 615 2246 sepultus
629 2171 677 2223 est
691 2157 778 2245 apud
806 2157 1062 2222 Schireburnam.

403 2267 608 2335 Ethelbertus
622 2269 717 2334 frater
727 2271 794 2356 ejus
808 2269 952 2354 regnavit
966 2291 1061 2346 anno,
1074 2269 1164 2354 cujus
1179 2267 1278 2334 duces
1298 2276 1331 2336 et
1350 2292 1407 2337 ex-

358 2380 475 2444 ercitus
489 2381 594 2445 Dacos
608 2379 752 2444 vicerunt
766 2378 852 2466 apud
872 2379 1061 2443 Wincestre.

400 2488 591 2554 Ethelredus
606 2489 701 2553 frater
715 2510 827 2553 eorum
842 2488 982 2573 quinque
998 2487 1089 2552 annis
1104 2489 1248 2575 regnavit
1263 2503 1296 2556 et
1310 2491 1406 2578 paulo

358 2601 440 2689 plus,
461 2600 516 2685 qui
530 2599 617 2687 apud
632 2598 781 2688 Redinge
805 2613 915 2664 contra
939 2597 1046 2665 Dacos
1061 2621 1135 2664 cum
1158 2600 1252 2666 Fratre
1270 2625 1328 2668 suo
1347 2604 1406 2669 mi·

358 2733 437 2776 nore
458 2711 610 2776 conflixit.

410 2824 590 2890 Ansnnnus
612 2823 726 2910 viginti
741 2836 813 2890 octo
835 2821 927 2887 annis
956 2835 990 2886 et
1014 2817 1155 2899 dimidio,
1167 2821 1209 2886 de
1238 2845 1301 2907 quo
1329 2823 1411 2888 nihil

358 2933 495 2998 breviter
506 2934 570 2998 dici
584 2947 697 3019 potest,
714 2935 789 3018 quia
803 2933 904 2998 multa
919 2928 994 2997 fecit
1008 2945 1041 2997 et
1051 2931 1204 2996 miranda.

402 3041 578 3107 Edwardus
592 3044 707 3129 viginti
722 3044 820 3108 tribus
835 3043 937 3120 annis,
949 3053 982 3106 et
997 3042 1151 3128 pugnavit
1174 3054 1284 3107 contra
1301 3043 1407 3107 Dacos

355 3152 389 3216 in
407 3151 646 3231 Northumbria,
658 3165 692 3217 et
706 3151 918 3238 occiditrcges
933 3148 1028 3217 fortes
1037 3152 1175 3236 vicitque
1189 3149 1295 3216 Dacos
1313 3151 1400 3239 apud

358 3261 538 3328 Totenhale
554 3275 586 3328 et
600 3263 790 3346 conquisivit
805 3261 974 3327 Merciam.

398 3374 653 3451 Dunensrauus
677 3372 761 3437 filins
791 3371 955 3452 Edwardi,
990 3368 1072 3437 XIV
1106 3372 1207 3449 annis,
1242 3371 1297 3455 qui
1328 3371 1405 3436 fecit

356 3483 531 3547 maximum
545 3482 689 3567 praelium
704 3482 789 3567 apud
803 3481 991 3546 Bruneberi.

351 3657 354 3662 ,
400 3590 592 3656 Edmnndus
607 3587 657 3654 VI
670 3591 761 3654 annis
770 3603 803 3654 et
814 3585 957 3668 dimidio,
969 3589 1023 3674 qui
1035 3610 1129 3673 super
1138 3589 1244 3654 Dacos
1258 3589 1400 3674 quinque

356 3702 451 3767 urbes
466 3702 560 3788 cepit,
576 3713 611 3766 et
624 3693 738 3765 iisdem
753 3699 854 3779 victis,
866 3694 1132 3765 Northumbriam
1147 3699 1182 3763 in
1196 3685 1340 3766 dominio
1356 3712 1403 3765 te-

356 3812 437 3879 nuit.

400 3922 559 4003 Edredus,
590 3925 686 3990 frater
715 3917 892 4004 Edmundi‚
924 3923 973 3990 IX
1002 3925 1113 3996 annisa
1137 3947 1249 3990 omnes
1274 3923 1402 4011 Angliae

355 4045 459 4119 partes
472 4035 607 4100 felmiter
622 4037 770 4101 obtinuit.

399 4143 540 4224 Edwins,
550 4145 632 4210 filius
648 4145 822 4224 Edmundi,
833 4145 993 4225 Nemnis,
1002 4143 1115 4212 eodem
1127 4146 1228 4232 spatio
1238 4151 1271 4210 et
1288 4157 1399 4232 poten·

356 4254 400 4318 tia
411 4255 522 4319 tenuit
