3212 5206
322 455 334 494 2
648 453 773 494 llENllICl
788 453 827 494 DE
841 455 987 496 sltnnsvn
1294 461 1333 511 [Α.
1343 461 1371 506 D.

313 589 356 656 Et
383 590 479 656 habet
507 588 768 656 Stellordesolrire
791 604 822 656 et
840 605 962 680 partem
984 592 1024 658 de
1052 593 1311 663 Warwickoshire
1337 613 1371 664 et

308 700 351 765 de
382 699 646 786 Sobropesohire3
669 704 761 788 cujus
791 702 883 768 sedes
912 718 962 768 ost
992 705 1078 790 apud
1109 706 1221 772 urbem
1252 709 1369 796 legio·

309 837 398 892 num,
415 837 487 901 quse
499 814 614 880 dicitur
623 816 744 881 Costria
756 818 788 897 3*
811 817 972 902 quondam
987 833 1054 884 erat
1070 820 1156 906 apud
1173 821 1368 889 Liohesfeld.

309 926 403 992 Idem
435 926 509 992 Rex
539 927 764 994 dominabatur
787 929 820 994 in
853 931 1126 998 Herefordsebire.
1174 933 1216 998 Et
1246 948 1294 1000 est
1320 937 1366 1002 ibi

306 1039 485 1126 episcopus,
516 1039 636 1106 habens
659 1040 830 1106 dimidium
859 1064 975 1128 pagum
1005 1043 1046 1108 de
1079 1044 1304 1130 Schropsehire
1329 1063 1364 1114 et

306 1163 429 1236 partem
439 1149 481 1216 do
494 1149 818 1233 Glouuestereschire,
830 1154 921 1239 eujus
930 1153 1022 1220 sedes
1030 1168 1080 1220 est
1096 1155 1182 1242 apud
1194 1158 1365 1223 Hereford.

310 1260 401 1325 Idem
428 1283 483 1326 rex
510 1261 736 1328 dominabatur
758 1265 792 1328 in
817 1264 1070 1332 Oxenfordsbire
1084 1280 1118 1332 et
1140 1268 1175 1331 in
1201 1267 1368 1357 Bncking-

307 1367 506 1438 hamos'chire
522 1385 555 1442 et
572 1375 607 1438 in
629 1374 916 1456 Hertefonlsohire,
931 1391 965 1444 et
987 1379 1020 1444 in
1045 1377 1366 1446 Hnntindonesohire

308 1483 483 1561 dimidiam,
499 1496 533 1548 et
555 1484 721 1549 dimidiam
740 1485 781 1552 de
804 1487 1078 1568 Bedelbrdsohire,
1091 1501 1128 1554 et
1141 1489 1176 1554 in
1192 1491 1364 1556 Northam-

308 1594 486 1660 tonesohire
501 1607 535 1660 et
550 1596 583 1660 in
600 1595 871 1677 Linoolnesohire,
887 1621 965 1685 qaas
980 1601 1064 1686 regit
1078 1603 1247 1689 episcopus
1267 1625 1363 1682 unus,

307 1705 364 1790 qui
393 1706 490 1772 modo
515 1706 613 1774 habet
641 1708 751 1774 sedem
776 1709 976 1789 Linoolniae3
1000 1712 1163 1798 quondam
1192 1715 1254 1780 fuit
1277 1715 1364 1801 apud·

305 1821 554 1902 Dorlreoestre.ll
598 1823 690 1888 Idem
705 1847 763 1889 rex
777 1824 1003 1891 dominabatur
1027 1827 1061 1891 in
1086 1825 1364 1914 Leycestresobire

305 1948 339 1998 et
353 1934 388 1998 in
399 1934 899 2022 Nottingbamesobire„quornm
911 1937 1135 2002 christianitas
1149 1939 1310 2023 spectabat
1321 1937 1362 2002 ad

305 2043 575 2130 arehiepiscopum
596 2045 844 2110 Eboraoensem.
905 2046 984 2111 Erat
1006 2047 1104 2112 etiarn
1127 2049 1172 2113 ibi
1196 2049 1273 2116 olim
1290 2071 1361 2136 pro

305 2155 393 2242 prius
407 2156 586 2244 episcopus,
601 2157 693 2244 cujus
706 2157 795 2223 sedes
809 2170 877 2224 erat
891 2158 977 2245 apud
992 2161 1219 2248 Leycestriam.

620 2355 675 2418 Da
697 2376 879 2424 nortmanos
900 2377 1025 2427 nauum

346 2467 477 2556 Regum
499 2467 697 2534 Marciorum
710 2472 728 2556 b
754 2469 873 2558 primus
898 2470 978 2534 extit
992 2469 1106 2536 Panda
1120 2470 1206 2536 filins
1222 2469 1355 2550 Wibbre,

302 2581 358 2667 qui
373 2605 459 2648 anno
474 2582 607 2648 Domini
622 2582 854 2649 sexoentesimo
869 2582 1020 2649 vicesimo
1034 2596 1133 2660 sexto,
1148 2595 1220 2669 post
1234 2581 1357 2646 obitum

303 2695 455 2781 Hengisti
470 2696 646 2762 centesimo
670 2695 831 2762 tricesimo
846 2717 944 2773 nono,
959 2693 1047 2780 apud
1073 2695 1213 2761 Marcios
1236 2716 1356 2760 nomen

299 2808 425 2894 regium
442 2809 618 2893 usurpavit,
634 2806 711 2874 licet
725 2807 907 2892 legerimus,

344 2917 370 2982 I.
395 2916 546 2982 Criddam
571 2916 712 3002 primum
738 2915 846 2994 fuisse,
902 2915 947 2984 II.
980 2917 1143 2984 Wicbtam
1167 2916 1355 2994 secundum,

343 3028 404 3094 IIL
432 3026 612 3104 Queorlum
628 3027 771 3105 tertium,

340 3140 401 3208 IV.
426 3140 571 3206 Pandam
583 3139 678 3206 fuisse
687 3139 876 3227 predictum
886 3149 1048 3225 quartum,
1061 3136 1114 3221 qui
1125 3159 1183 3222 per
1191 3159 1292 3201 annos
1300 3137 1356 3202 tri·

295 3252 386 3339 ginta
399 3252 553 3338 regnavit.
600 3249 664 3316 Hic
681 3249 874 3316 Eadwinum
888 3261 922 3314 et
938 3247 1124 3315 Oswaldum
1141 3247 1354 3312 Northanim·

299 3364 428 3429 brorum
444 3385 535 3450 reges
551 3362 678 3440 oceidit,
693 3367 727 3426 et
742 3373 805 3426 tres
825 3383 916 3447 reges
929 3358 1146 3426 Orientalium
1163 3359 1356 3446 Anglornm,

298 3475 418 3539 seilicet
434 3475 647 3561 Sigebortum,
665 3473 829 3558 Egricum,
846 3483 878 3535 et
889 3461 1030 3546 Annam,
1046 3471 1195 3536 extinxit.
1242 3472 1353 3537 Kene-

299 3586 437 3650 waldum
460 3607 568 3670 regem
599 3581 866 3647 West-Saxonum
899 3581 934 3642 in
963 3580 1093 3646 exilium
1125 3583 1288 3669 compulit,
1321 3595 1357 3649 et

326 3720 338 3744 ¹*
353 3719 446 3758 chester.

324 3788 341 3829 ll
355 3787 375 3826 A
382 3789 440 3826 town
449 3785 524 3826 within
533 3784 584 3824 alne
594 3782 837 3830 ndlesofoxlord,onoe
845 3782 957 3831 ablslrop's
967 3783 1013 3831 See,
1022 3783 1058 3823 till
1064 3784 1087 3822 in
1098 3784 1147 3824 1076
1155 3784 1250 3824 william
1256 3784 1294 3824 the
1301 3783 1357 3823 con-

298 3865 374 3902 queror
382 3853 511 3893 transferred
519 3853 537 3892 it
545 3854 568 3891 to
576 3851 673 3892 Lincoln.

325 3921 428 3972 yssrnese
437 3920 551 3966 Merolans,
558 3929 582 3958 as
590 3919 642 3967 they
650 3928 705 3957 were
714 3928 787 3966 many,
795 3927 820 3956 so
828 3929 883 3958 were
891 3919 942 3968 they
949 3919 1075 3968 strangam
1083 3920 1111 3968 by
1119 3921 1194 3968 strong
1200 3919 1258 3961 band
1266 3917 1326 3965 eight
1334 3917 1358 3956 of

296 3989 352 4028 their
360 3984 817 4036 Kings,inacontinuodsuocossion,gotand
823 3986 918 4034 kepttho
928 3987 1044 4036 Emporiall
1053 3987 1142 4027 ciowno
1151 3987 1174 4026 ol
1180 3987 1217 4025 the
1224 3984 1354 4032 Heptarohy.

299 4055 339 4094 For
347 4055 429 4104 though
442 4054 502 4093 those
512 4052 581 4101 Kings
595 4052 682 4100 reigned
691 4063 714 4092 as
724 4053 793 4101 Klngs
801 4053 824 4092 in
832 4053 888 4093 their
897 4064 959 4094 orrne
969 4054 1091 4101 territories,
1105 4057 1139 4103 yet
1149 4063 1226 4100 among
1235 4053 1295 4091 them
1303 4061 1357 4090 ouer
