3212 5206
348 575 373 614 ³⁶
701 570 828 612 nunniti
843 571 882 612 DE
895 571 1042 611 SILGRAVE
1238 572 1274 621 [A.
1285 571 1312 610 D.
1321 572 1406 612 itit-60⁰

348 711 532 786 Deirornm,
548 706 605 774 sed
620 708 717 775 istum
733 708 926 776 Australium
945 707 1120 774 Saxonum.
1166 709 1231 774 Hic
1257 707 1330 775 Ella
1352 732 1407 798 per

352 835 451 890 totam
465 821 583 886 dicitur
596 843 743 909 regnasse
758 822 969 887 Britanniam.
1020 811 1188 886 Secundus
1203 820 1266 886 fuit

391 931 438 999 II.
457 931 572 1001 Scissa.
586 931 665 998 Post
680 955 776 1019 quem
791 932 936 1020 regnavit
955 931 1069 998 tertius

392 1043 455 1110 III.
473 1043 700 1110 Ethelwaldus.
758 1043 833 1121 Hic,
849 1054 965 1131 agente
976 1057 1010 1108 et
1023 1053 1179 1132 praesente
1195 1065 1269 1131 rege
1286 1041 1404 1111 Merci-

349 1179 442 1224 orum
457 1155 607 1234 Wolfero,
627 1178 684 1242 per
699 1155 848 1222 Birinum
864 1160 878 1241 ΙΙ
896 1155 1081 1244 episcopum
1097 1157 1131 1222 in
1149 1155 1318 1222 Christum
1339 1179 1406 1222 cre-

349 1268 433 1334 didit
447 1280 481 1334 et
502 1268 680 1355 baptizatus
700 1273 751 1332 est
765 1268 799 1332 in
821 1267 889 1354 ipsa
908 1268 1105 1332 Merciorum
1124 1267 1294 1355 provincia.
1340 1265 1407 1334 Hic

348 1381 439 1448 dedit
450 1380 567 1446 Sancto
578 1379 733 1460 wilfrido,
744 1403 845 1468 quum
857 1403 943 1446 asuo
955 1381 1064 1446 fuisset
1075 1382 1196 1468 ejectus
1207 1381 1403 1468 episcopatu,

349 1493 489 1559 insulam
518 1493 692 1581 quandam,
722 1516 797 1582 quae
827 1492 976 1581 Seleseya
996 1505 1213 1578 nuncupatur,
1234 1493 1292 1558 ubi
1313 1493 1403 1558 idem

351 1605 1405 1694 Wilsridusecclesiamfundavitqibidcmquemonachosinstituit‚

349 1737 384 1786 et
394 1741 452 1807 per
463 1718 719 1805 quinquennium
730 1717 775 1784 ibi
784 1719 913 1785 mansit.
937 1718 1065 1806 Regem
1073 1717 1159 1784 hunc
1172 1717 1406 1784 Ethelwaldum

348 1832 468 1900 occidit
478 1855 536 1898 rex
547 1831 818 1899 West-Saxonum
832 1829 995 1897 Cedwalia
1004 1833 1145 1910 nomine,
1160 1843 1192 1897 ct
1201 1831 1404 1898 deditsanc-

350 1961 386 2012 to
401 1943 552 2011 wilfrido
567 1957 713 2029 quartam
726 1959 852 2032 partem
866 1943 1018 2032 Wightiae
1031 1944 1155 2023 insulae‚
1165 1959 1198 2010 ct
1212 1944 1319 2009 villam
1335 1967 1408 2030 quae

349 2058 468 2124 dicitur
482 2057 645 2146 Pageham
659 2079 736 2123 cum
747 2057 1031 2144 pertiuentiissuis.
1076 2059 1154 2124 Post
1171 2058 1406 2126 Ethelwaldum

350 2171 484 2237 cessavit
503 2171 592 2258 regia
610 2171 705 2255 stirps
726 2169 762 2235 in
782 2168 925 2235 Australi
944 2167 1092 2249 Saxonis,
1110 2183 1143 2235 ct
1161 2171 1285 2235 transiit
1301 2171 1336 2235 in
1353 2173 1409 2258 jus

353 2281 439 2369 regis
453 2279 733 2346 west-Saxonum.
778 2277 907 2346 Deinde
923 2294 995 2367 post
1011 2302 1112 2346 annos
1122 2279 1277 2368 plurimos
1285 2295 1318 2348 et
1327 2296 1408 2348 tem-

352 2414 430 2479 pora
445 2391 540 2479 longa
555 2391 716 2478 Egbcrtus
739 2388 1007 2457 west-saxonum
1023 2414 1077 2458 rex
1091 2393 1275 2480 subjugavit
1298 2415 1409 2482 regem

351 2518 387 2570 et
409 2525 545 2591 regnum
572 2502 817 2582 Cantianorum,
840 2503 1047 2582 Merciorum‚
1064 2503 1408 2585 Northanimbrorum,

353 2615 568 2684 Orientalium
585 2614 777 2701 Anglorum,
795 2613 1010 2681 Orientalium
1019 2630 1053 2682 et
1067 2601 1266 2683 Australium
1284 2619 1406 2684 Saxon-

352 2753 432 2796 um:
454 2743 577 2816 septem
592 2727 713 2794 scilicet
726 2750 826 2815 regna
839 2730 1000 2816 compegit
1015 2729 1049 2795 in
1064 2754 1177 2798 unum.

380 2867 389 2912 ιΙ
405 2865 451 2903 The
462 2863 511 2902 first
525 2863 607 2911 Bishop
620 2862 645 2902 of
659 2861 800 2908 winchester.
815 2862 870 2903 atter
887 2864 923 2903 the
938 2863 1009 2904 Saxou
1024 2869 1139 2914 conquest:
1160 2866 1298 2916 “Postquam
1314 2867 1411 2906 Saxones

352 2930 410 2972 hauc
416 2930 525 2979 regionem
533 2929 732 2978 [west-saxonum]
739 2933 877 2978 occuparunt.
884 2930 951 2970 tidem
957 2932 1053 2980 prtmum
1059 2931 1201 2972 christianam
1207 2934 1285 2982 recepit
1294 2935 1335 2973 aun
1344 2934 1412 2982 Kynt-

352 2997 546 3046 quaereremque
559 2995 709 3046 praedicatione
724 2997 800 3044 Birini,
809 2998 875 3046 primi
888 2998 969 3038 ibidem
983 3000 1089 3049 Episcopi,
1098 3001 1136 3049 qui
1150 3001 1214 3040 horno
1222 3002 1280 3050 pius,
1289 3002 1411 3043 animorum

353 3063 439 3105 curium
446 3063 598 3103 lucrandarum
604 3063 650 3103 zelo
658 3063 799 3110 succensur.”
825 3064 865 3104 ΒΡ.
877 3066 975 3105 Gonwru
986 3075 1016 3105 nr.
1025 3066 1131 3106 Priasus..
1142 3067 1219 3106 Aaou
1227 3078 1249 3116 n,
1258 3078 1279 3117 p.
1288 3069 1333 3107 202.

382 3132 414 3179 §“
420 3130 522 3170 wilfredo
529 3131 586 3170 inter
592 3129 817 3170 caeterahumanitstis
826 3130 898 3170 cilicia
906 3131 991 3172 abunde
999 3132 1102 3181 praestita,
1109 3132 1263 3175 habitatIouem
1277 3134 1411 3180 commodam

357 3196 478 3248 uitiauit
485 3196 593 3247 seolseiae,
602 3197 639 3251 qui
647 3197 706 3239 iocur
715 3197 830 3249 peninsula
838 3201 890 3235 tuor
899 3198 950 3236 erat.
979 3198 1086 3249 Gourrrr,
1095 3210 1115 3253 p.
1124 3200 1170 3241 499.

798 3319 970 3337 Μ
