3252 5170
350 525 376 564 98
712 523 837 564 usuulct
853 523 892 565 DE
906 524 1033 566 sthounv
1039 523 1062 564 Ε.
1267 525 1303 574 [A.
1311 523 1337 565 D.
1350 527 1406 566 12⁰7.

357 662 517 727 infinitam
543 662 723 747 pecuniam,
740 663 861 729 scilicet
880 663 921 729 de
948 663 1090 749 quohbet
1103 664 1183 749 jugo
1198 660 1252 726 III
1280 661 1409 738 solidos,

352 773 387 837 in
403 772 558 837 auxilium
573 773 645 851 sibi,
659 781 692 840 et
707 775 752 838 sic
766 773 897 840 demum
912 775 1008 840 rediit
1024 775 1057 839 in
1074 773 1316 839 Normanniam.

397 885 481 949 Pace
497 885 579 950 facta
593 865 677 950 ihter
695 886 800 970 ipsum
816 900 849 952 et
860 869 970 974 regem
989 884 1141 963 Francius,
1157 887 1316 950 maritavit
1328 907 1408 970 nep-

354 1008 421 1061 tem
436 1018 526 1061 suam
542 996 641 1062 filiam
655 999 738 1085 regis
755 999 919 1085 Hispanioe
940 996 1115 1062 Ludowico
1130 997 1343 1084 primogenito
1357 1019 1407 1062 re-

353 1108 402 1194 gis
417 1106 568 1186 Franciae,
586 1122 618 1174 et
634 1108 679 1173 sic
695 1108 826 1174 tandem
842 1109 1040 1197 recuperavit
1055 1108 1143 1195 quod
1159 1109 1247 1196 prius
1261 1109 1408 1173 amiserat

355 1240 463 1304 aroge
474 1218 626 1284 Franciae.
671 1219 749 1284 Post
761 1220 831 1297 hoc,
842 1220 936 1285 duxit
953 1226 971 1303 ss
987 1243 1043 1284 rex
1057 1219 1080 1284 J
1082 1220 1223 1284 ohannes
1238 1216 1408 1283 Isabellam

353 1329 452 1394 filiam
470 1330 593 1395 comitis
610 1329 797 1416 Engolismi,
813 1333 929 1417 deque
950 1333 1064 1418 genuit
1079 1331 1158 1395 duos
1178 1330 1271 1407 filios,
1290 1329 1407 1394 Hemi-

353 1461 427 1504 cum
442 1454 475 1506 et
491 1439 677 1518 Ricardum,
693 1455 726 1506 et
749 1456 811 1508 tres
833 1442 923 1522 filias,
939 1442 1101 1508 Joannam
1118 1443 1260 1529 reginam
1283 1441 1408 1518 Scotiae,

354 1565 389 1617 et
414 1551 577 1617 Isabellam
605 1575 738 1618 uxorem
764 1553 935 1632 Frederici,
951 1567 985 1618 et
1008 1537 1203 1618 Elianoram'
1217 1552 1408 1617 comitissam

355 1662 560 1751 Leycestrise.
592 1663 705 1748 Itaque
717 1687 782 1742 rex,
792 1687 891 1730 uxore
902 1664 1007 1742 ducta,
1021 1666 1139 1730 iterum
1152 1663 1362 1728 transfretavit
1372 1662 1408 1726 iu

354 1775 600 1854 Normannism,
623 1791 655 1840 et
678 1791 829 1862 nepotem
859 1799 955 1840 suum
982 1776 1140 1840 Artumm
1161 1774 1246 1860 apud
1270 1771 1408 1839 Mirabel

356 1885 491 1963 obsedit,
507 1899 539 1951 et
559 1908 633 1951 eum
653 1887 783 1951 tandem
799 1887 892 1974 cepit,
908 1901 941 1952 et
963 1909 1038 1951 cum
1053 1910 1092 1951 co
1113 1885 1265 1950 ducentos
1285 1885 1409 1963 milites,

356 1995 415 2061 cal.
432 1997 580 2082 Augusti,
598 2020 683 2061 enno
708 1996 843 2061 Domini
865 1997 964 2064 MCC
990 1999 1142 2062 secundo·
1186 1997 1230 2060 Et
1249 1995 1313 2059 cito
1338 2007 1410 2079 post

357 2106 527 2171 interfecto
542 2109 671 2184 Arturo,
687 2107 784 2172 rediit
799 2107 833 2171 in
854 2107 1017 2193 Angliam.

402 2216 479 2292 Quo
501 2217 640 2283 faciuore
667 2213 857 2305 perpetrato,
878 2216 1045 2303 Philippus
1069 2239 1125 2281 rex
1151 2216 1331 2302 subjugavit
1349 2215 1410 2280 sibi

356 2327 601 2393 Normanniam.
648 2327 720 2392 Nec
735 2327 838 2392 multo
853 2340 926 2414 post
949 2326 972 2391 J
974 2327 1115 2391 ohannes
1134 2349 1201 2404 rex,
1216 2340 1409 2414 congregato

354 2462 472 2526 magno
497 2439 639 2503 exercitu
656 2451 690 2502 et
709 2460 827 2525 magno
845 2439 972 2524 navigio
993 2437 1079 2522 apud
1098 2438 1324 2515 Portesmowe,
1339 2459 1408 2502 non

356 2563 405 2614 est
418 2549 591 2637 permissus
606 2549 646 2613 ab
661 2549 898 2635 archiepiscopo
910 2549 1090 2615 Cantuariae
1101 2549 1248 2614 Huberto
1259 2548 1410 2612 transfre-

355 2674 443 2740 tare3
467 2660 523 2726 sed
546 2660 634 2725 misit
659 2659 822 2744 quendam
848 2659 951 2725 filium
974 2682 1067 2724 suum
1094 2659 1282 2725 Galfredum
1307 2680 1409 2744 usque

356 2772 541 2859 Rupellam,
558 2773 613 2837 ubi
628 2773 696 2857 ipse
712 2773 791 2837 obiit
807 2772 948 2837 etmulti
964 2794 1038 2838 cum
1053 2794 1102 2837 co.
1148 2771 1245 2836 Tunc
1261 2770 1411 2856 temporis

356 2898 389 2948 et
405 2883 573 2949 Hubertus
589 2884 844 2970 archiepiscopus
865 2865 944 2948 obiit
953 2910 963 2963 3
986 2897 1019 2948 et
1038 2883 1230 2960 GodfreduS,
1247 2883 1411 2948 Wintoni-

355 2995 440 3058 eusis
455 2995 631 3080 episcopus,
653 2994 707 3057 cui
727 2993 876 3057 successit
901 2994 1014 3057 Petrus
1029 2993 1071 3056 de
1087 2993 1244 3077 Rupibus,
1260 2993 1411 3058 Archidi-

356 3127 474 3169 aconus
488 3103 649 3170 Pictaviae.

398 3214 478 3280 Post
492 3214 562 3294 hoc,
579 3215 784 3280 transfretans
804 3237 860 3280 rex
880 3215 915 3281 in
935 3214 1120 3292 Pictaviam‚
1136 3228 1170 3279 et
1192 3226 1285 3301 capto
1299 3214 1410 3280 castel-

355 3327 398 3408 lo,
415 3326 503 3412 quod
527 3328 626 3393 Mons
651 3327 771 3392 Albani
786 3327 912 3406 dicitur,
928 3350 1001 3393 cum
1022 3349 1139 3414 magno
1153 3327 1248 3391 maris
1268 3326 1410 3414 periculo

356 3438 453 3504 rediit
477 3439 512 3502 in
540 3438 692 3526 Angiiam
716 3452 791 3503 ante
815 3438 921 3503 natale
951 3438 1095 3502 Domini.
1142 3437 1186 3501 Et
1211 3439 1410 3524 congregatis

355 3549 503 3614 omnibus
528 3550 734 3636 Magnetibus
748 3548 836 3635 apud
858 3550 1030 3626 Oxoniam,
1045 3548 1086 3612 de
1101 3549 1265 3612 communi
1280 3572 1410 3614 assensu

355 3682 466 3724 eorum
496 3661 581 3745 cepit
610 3660 766 3725 decimam
792 3661 936 3724 omnium
967 3660 1135 3723 mobilium
1161 3680 1218 3746 per
1244 3660 1408 3746 Angliarn.

356 3771 457 3835 Anno
485 3792 561 3835 vero
589 3771 746 3859 sequenti,
784 3770 904 3836 scilicet
933 3793 1018 3835 anno
1059 3771 1193 3836 Domini
1223 3771 1406 3850 Mccvss,

355 3881 447 3967 regni
463 3881 513 3945 sui
539 3880 634 3958 VIII,
661 3881 762 3947 oritur
785 3881 942 3946 discordia
957 3883 1040 3946 inter
1065 3904 1173 3969 regem
1189 3897 1222 3947 et
1236 3884 1408 3948 monachos

355 3990 494 4058 ecclesiae
528 3992 647 4057 Christi
679 3991 926 4071 cantuariensis,
956 3999 1086 4080 propter
1115 3993 1303 4059 electionem
1335 3994 1406 4060 Ste-

381 4275 393 4323 x
407 4274 466 4314 John
474 4273 557 4324 having·
571 4275 625 4315 besu
638 4270 738 4312 divorced
750 4271 806 4312 from
817 4271 852 4311 his
866 4271 914 4311 first
922 4271 978 4320 utre,
991 4271 1028 4311 the
1044 4271 1150 4323 daughter
1164 4272 1190 4312 ot
1202 4272 1238 4313 the
1255 4274 1299 4314 esrl
1307 4275 1332 4314 ot
1344 4275 1410 4316 Glou-

355 4351 430 4390 cester.
