3212 5206
249 539 275 580 A.
284 537 311 579 D.
325 539 425 587 tto-oet]
683 532 862 580 CHRONICON.
1275 537 1300 582 si

250 677 358 740 matris
368 689 431 739 tuae
440 686 472 738 et
481 674 618 739 virorum
632 675 687 758 qui
696 674 910 738 interfuerunt
920 673 1051 739 consilio
1060 672 1144 738 illins
1153 695 1302 758 nequam,

250 785 313 848 nisi
338 783 439 848 multo
460 784 613 869 sanguine
641 783 827 847 miserorum
847 783 1096 867 provincialium,
1121 796 1154 849 et
1174 784 1304 849 venient

250 917 345 981 super
359 906 489 980 gentem
504 893 686 979 Anglorum
703 894 801 970 mala,
818 893 923 977 qualia
938 917 1002 959 non
1018 907 1067 959 est
1089 917 1225 981 passaex
1239 917 1303 979 quo

251 1004 370 1090 Anglia
390 1004 483 1068 fuit?
1186 1001 1190 1012 ’

294 1113 365 1178 Nec
380 1113 481 1178 multo
491 1125 572 1198 post,
582 1113 616 1176 id
627 1125 768 1178 estunno
778 1115 958 1200 ejnstertio,
970 1127 1074 1199 partes
1092 1113 1299 1200 Hamptouise

251 1237 283 1290 et
300 1223 460 1288 Wiltoniae
487 1245 598 1287 rnauus
620 1224 751 1307 piratica
773 1225 989 1310 depopulavit.
1036 1227 1181 1289 Surrexit
1207 1225 1304 1288 etiam

253 1333 410 1398 discordia
425 1334 631 1418 interregem
646 1346 679 1396 et
694 1333 1100 1421 episcopum-Roffensemp
1110 1359 1125 1418 7;
1140 1335 1300 1410 incertum

252 1466 314 1528 qua
350 1443 390 1508 de
421 1466 526 1508 cause.
563 1443 768 1529 Quapropter
799 1457 909 1508 contra
938 1425 1096 1510 civitatem
1124 1446 1303 1512 exercitum

250 1555 375 1620 direxit.
421 1557 465 1620 At
481 1554 668 1619 Dunstanus
684 1555 789 1618 eidem
800 1553 972 1631 mandavit,
993 1568 1031 1619 ut
1052 1555 1191 1619 sororem
1213 1557 1298 1620 miti-

253 1679 352 1750 garet,
366 1679 398 1728 et
413 1677 559 1728 sanctum
572 1664 747 1740 Andream,
760 1666 793 1726 in
809 1666 901 1749 cujus
913 1644 1011 1729 tutele
1026 1665 1225 1750 episcopatus
1246 1678 1304 1743 est,

256 1797 322 1838 non
338 1774 485 1837 irritaret.
513 1773 577 1836 Sed
587 1797 687 1856 quum
695 1774 861 1837 verborum
875 1773 1022 1837 nuditate
1034 1774 1115 1837 nihil
1127 1775 1304 1860 proliceret,

252 1885 340 1947 misit
354 1883 384 1946 ei
394 1897 522 1946 centum
532 1882 636 1961 libras,
649 1896 685 1946 ut
697 1884 799 1968 pretio
811 1895 936 1968 emptus
945 1882 1080 1947 solveret
1095 1882 1304 1950 obsidionem.

255 1993 330 2068 Quo
345 1993 398 2056 ille
414 2005 552 2078 accepto,
569 1993 758 2077 praecinctos
773 1993 813 2056 ad
824 1992 1019 2078 praeliumad
1035 1995 1163 2080 propria
1175 1994 1305 2060 remisit.

251 2104 388 2168 Miratus
405 2103 594 2167 Dunstanus
610 2104 747 2192 hominis
763 2103 982 2186 cupiditatem,
1005 2103 1065 2168 hoc
1080 2127 1138 2191 per
1166 2105 1303 2169 nuncios

253 2214 282 2275 ei
293 2201 463 2292 mandavit,
477 2214 668 2279 “Quoniam
685 2212 850 2298 praetnlisti
864 2225 1032 2300 argentum
1042 2215 1123 2290 Dec,
1133 2214 1304 2300 pecuniam

254 2323 395 2408 apostolo
400 2375 696 2390 .....................
699 2325 721 2366 'l
733 2324 883 2389 velociter
901 2325 1030 2388 venient
1053 2347 1148 2410 super
1173 2338 1204 2389 te
1223 2325 1306 2390 mala

252 2457 323 2518 quae
338 2435 490 2519 loquutus
506 2448 554 2499 est
568 2437 726 2500 Dominus
742 2461 750 2512 ;
775 2437 831 2501 sed
846 2437 906 2500 hoc
917 2458 969 2500 me
981 2437 1105 2501 vivente
1116 2459 1181 2501 non
1193 2437 1302 2502 flent.'’

307 2545 410 2632 Igitur
442 2560 514 2638 post
543 2548 626 2612 beati
657 2550 717 2612 viri
748 2549 955 2626 obitum,†-
971 2549 1174 2632 quindecimo
1210 2549 1303 2634 regni

252 2680 337 2722 anno
362 2659 594 2722 liritt—Dani
615 2657 758 2740 undique
782 2681 894 2722 omnes
916 2673 1026 2742 portus
1048 2659 1175 2743 Anglioe
1197 2681 1306 2744 aggre-

252 2768 385 2833 diuntur
399 2793 410 2843 ;
434 2781 470 2832 ut
485 2771 659 2832 nesciretur
673 2767 730 2831 ubi
744 2769 790 2830 eis
805 2770 1014 2852 opportunius
1027 2770 1148 2832 occurri
1158 2769 1302 2834 deberet.

253 2880 428 2943 Decretum
445 2891 491 2942 est
505 2891 542 2942 ut
557 2877 783 2963 repellerentur
798 2893 930 2964 argento
945 2878 993 2942 vel
1007 2901 1092 2956 auro,
1106 2880 1160 2964 qni
1170 2903 1233 2944 non
1246 2901 1305 2964 po·

249 2989 458 3053 terantarmis
469 2987 519 3053 vel
529 2987 619 3052 ferro.
637 2990 689 3052 Ita
698 2988 809 3052 decem
820 2988 919 3052 millia
930 2987 1082 3053 librarum
1093 2988 1196 3054 soluta
1217 3003 1303 3068 sunt,

256 3112 288 3164 et
299 3099 383 3164 Dani
394 3100 432 3163 ab
443 3099 626 3162 excursibus
639 3097 797 3182 paulisper
807 3112 1019 3162 cessaverunt.
1042 3101 1120 3164 Post
1128 3100 1188 3164 hoc
1198 3101 1306 3165 Dano-

250 3231 323 3274 rum
333 3210 432 3275 multa
440 3211 641 3274 infestatione
651 3223 776 3274 coactus
786 3210 908 3294 estjam
917 3231 973 3272 rex
985 3209 1026 3272 ad
1039 3211 1193 3274 tributum
1213 3212 1305 3293 quin-

252 3321 357 3385 decim
374 3321 489 3406 [mille]
507 3320 666 3384 librarum.
723 3320 789 3385 Qui
804 3332 836 3383 et
852 3341 961 3404 regem
985 3341 1098 3404 eorum
1119 3319 1304 3396 Anelufurr,

252 3430 335 3494 datis
350 3419 520 3508 obsidibus,
537 3430 577 3494 ad
592 3453 625 3494 se
640 3451 750 3494 ventre
765 3428 841 3493 fecit
856 3441 888 3492 et
903 3429 1098 3514 baptizatum
1115 3429 1156 3492 de
1171 3429 1303 3515 forgen‡

253 3543 401 3628 suscepit,
425 3563 462 3605 ac
487 3541 616 3606 tandem
638 3552 834 3604 sacramento
856 3539 1054 3616 constrinxit,
1068 3551 1115 3612 ¹ut
1136 3561 1302 3624 nunquam

280 3737 291 3785 9
304 3735 355 3774 Thts
362 3746 405 3774 war
415 3735 494 3784 Bishcp
504 3735 605 3776 Allitten.
640 3736 704 3775 Anno
712 3736 755 3774 est.
766 3735 818 3775 obiit
827 3735 988 3783 Aruseium,
996 3735 1111 3785 episcopus
1121 3735 1237 3778 Rofrcnsis.
1273 3737 1306 3776 Dc

259 3804 397 3842 contentione
404 3801 460 3841 inter
467 3801 539 3851 iprum
546 3805 568 3840 ct
578 3801 733 3842 Etheldredum
740 3811 819 3850 regern,
828 3801 919 3842 consuis
927 3800 1098 3843 liconiensis!
1107 3802 1130 3842 in
1139 3811 1196 3841 anno
1205 3803 1251 3842 98³.

904 3868 1033 3917 weram,
1042 3869 1091 3908 Vol.
1101 3868 1120 3915 1.
1128 3877 1150 3918 p.
1160 3869 1204 3908 ³³2.

279 3937 293 3959 ‘⁸
308 3933 371 3975 Anno
386 3936 430 3975 983.
445 3934 540 3974 iuncxit
556 3933 613 3972 inter
627 3932 709 3982 Regem
719 3932 862 3972 ethelredum
869 3935 892 3974 ct
909 3935 1038 3983 Episcopum
1052 3935 1179 3977 Rosscnseru
1193 3936 1313 3986 contentio,

253 3999 667 4050 setiquadcceuschabeturinccrtum.
707 3998 811 4041 Quocirca
819 3999 951 4040 chcontrc
959 4000 1310 4043 Rcti‘cnnumcivitstcmobsidio

256 4076 307 4106 uem
320 4076 457 4116 componens,
465 4075 513 4106 eam
521 4065 626 4106 debellare
635 4064 748 4114 disposuit.
755 4075 794 4106 nec
802 4064 904 4106 decedere
910 4066 980 4108 voluit
988 4068 1114 4118 priusquam
1121 4069 1148 4110 cb
1156 4069 1255 4119 episcopo
1263 4079 1314 4109 cen·

252 4135 300 4173 tum
309 4133 375 4173 librar
382 4131 487 4182 meruitJ'
511 4131 668 4172 Verrucius
677 4142 699 4181 p.
708 4132 752 4172 194.

279 4202 292 4226 ⁹
306 4202 332 4240 in
341 4200 378 4240 thc
389 4198 629 4247 unianimitatem.

284 4269 295 4310 t
309 4265 429 4316 Archishop
438 4265 539 4306 nunaut
547 4265 596 4306 dieti
604 4265 627 4304 in
636 4265 681 4306 988.

278 4335 289 4380 1
303 4333 397 4374 centhii
405 4335 432 4374 bc
440 4332 588 4374 enormiter*
598 4331 632 4372 tc
640 4329 706 4373 ronta
713 4332 718 4349 ’
725 4332 754 4383 by
764 4333 916 4384 compulsicut
