3252 5170
341 495 365 534 aa
669 493 793 534 unumst
810 491 849 534 DE
862 489 1010 534 SILGRAVE
1193 489 1260 540 [ab.
1274 488 1390 531 noo-1135.

340 630 453 716 genuit
479 626 683 705 willelmum,
701 629 755 712 qui
776 628 841 692 cito
864 626 1022 692 lethaliter
1039 625 1235 704 vulneratus,
1251 626 1332 691 obiit
1352 625 1394 690 ad

338 753 478 804 castrum
493 738 655 825 quoddam
678 739 762 823 quod
781 738 957 804 obsederat.
1004 737 1164 803 Robertus
1184 760 1269 813 vero,
1286 737 1393 802 audito

341 848 428 933 quod
445 847 602 913 Heuricus
617 862 764 934 regnaret
778 850 813 912 in
838 847 965 934 Anglia,
981 847 1165 934 indignatus
1183 861 1240 924 est,
1257 862 1289 911 et
1304 870 1394 932 para-

341 973 374 1024 to
390 959 526 1045 navigio,
537 959 787 1046 applicuitapud
802 959 1022 1023 Porcestriam.
1071 957 1169 1033 Quod
1184 981 1240 1022 rex
1250 959 1393 1036 audiens,

339 1071 477 1135 venitin
492 1091 660 1135 occursum
682 1071 751 1156 ejus
766 1093 866 1154 usque
889 1069 1085 1133 Wiltoniam.
1131 1069 1239 1153 thue
1255 1069 1334 1133 alter
1348 1068 1394 1132 al·

341 1181 439 1245 terius
459 1202 625 1245 occursum
652 1180 816 1259 timebant,
832 1193 865 1244 et
880 1178 1091 1265 praestolando
1107 1201 1228 1242 moram
1254 1179 1394 1243 facerent

341 1290 579 1378 congrediendi,
585 1291 826 1355 intervenerunt
837 1303 1001 1375 magnates
1013 1296 1102 1353 terrae
1111 1289 1276 1372 utriusque
1285 1290 1394 1375 partia,

341 1423 454 1488 pacem
479 1415 724 1489 componentem
757 1403 802 1465 ita
830 1400 916 1484 quod
931 1422 987 1463 rex
1013 1401 1072 1463 tria
1092 1398 1193 1463 millia
1217 1422 1393 1463 marcarum

342 1510 485 1577 Roberto
497 1513 661 1576 annuatim
672 1511 821 1575 redderet
834 1509 938 1596 quoad
948 1511 1076 1574 viveret.
1112 1509 1209 1576 Quod
1220 1512 1263 1573 ita
1273 1509 1393 1574 facturn

341 1634 400 1686 est.
445 1620 519 1686 Rex
534 1634 639 1686 autem
650 1619 723 1685 odio
739 1620 858 1684 habens
874 1619 995 1683 nobiles
1010 1619 1050 1683 de
1066 1618 1213 1683 Belcsme
1230 1633 1263 1684 et
1275 1619 1395 1684 Willel-

341 1754 433 1796 mum
443 1733 592 1796 comitem
606 1729 647 1796 de
660 1730 839 1818 Morteyne,
856 1729 991 1816 eoquod
1003 1753 1060 1817 per
1073 1732 1214 1816 ipsorum
1225 1731 1394 1796 consilium

343 1842 595 1907 transfretaverat
619 1840 687 1907 dux
710 1842 744 1906 in
770 1842 932 1928 Angliam,
947 1855 985 1906 ut
1007 1841 1182 1921 dicebatur,
1204 1841 1246 1904 ad
1271 1841 1394 1906 dictum

343 1952 497 2016 tributum
513 1951 771 2038 extorquendum
787 1974 804 2015 a
819 1973 904 2038 rege,
919 1973 975 2015 rex
990 1950 1117 2015 abstulit
1127 1952 1255 2037 utrique
1267 1949 1395 2016 illorum

343 2082 455 2125 omnes
471 2074 568 2125 terras
584 2082 661 2143 quas
684 2061 718 2122 in
745 2059 862 2144 Anglia
881 2059 1049 2123 habebant.
1099 2059 1197 2134 Quod
1220 2082 1320 2144 quum
1335 2061 1394 2146 ipsi

342 2171 572 2256 suggessissent
588 2168 672 2246 duci,
685 2182 719 2233 et
733 2168 766 2231 in
790 2167 901 2232 odium
919 2168 1009 2233 ducis
1025 2169 1059 2234 id
1080 2169 1175 2235 fuisse
1191 2185 1309 2249 actum,
1327 2172 1393 2258 ipse

342 2283 450 2344 statim
464 2279 687 2356 transfretavit,
703 2287 738 2344 et
752 2278 837 2365 apud
856 2279 1134 2364 Suthamptoniam
1149 2281 1303 2369 applicuit
1319 2306 1395 2348 cum

343 2391 512 2456 duodecim
529 2390 682 2454 militibus
699 2403 833 2455 tantum.
881 2389 980 2466 Quod
995 2414 1051 2456 rex
1072 2393 1214 2470 audiena,
1231 2397 1395 2479 proposuit

342 2502 435 2568 illum
450 2523 562 2589 capere
577 2527 587 2582 3
611 2500 668 2564 sed
688 2500 796 2565 habito
819 2500 960 2577 consilio,
976 2500 1098 2567 distulit
1114 2504 1182 2588 ejus
1198 2507 1389 2590 captionem,

344 2611 448 2678 donec
462 2633 520 2699 per
535 2609 695 2697 quendam
711 2609 846 2675 militem
867 2609 1060 2675 benevolum
1077 2635 1171 2677 suum
1187 2613 1227 2677 de
1243 2616 1389 2701 captione

265 2799 269 2808 Δ
343 2745 400 2788 sua
414 2723 622 2809 praemunitus
637 2733 695 2787 est.
731 2721 774 2786 Et
790 2743 887 2806 quum
902 2744 958 2806 pro
973 2735 1068 2787 vento
1089 2725 1246 2789 contrario
1261 2725 1311 2789 vel
1328 2748 1392 2790 non

342 2835 469 2900 favente
496 2832 581 2898 abire
607 2854 673 2896 non
699 2832 813 2917 potuit,
834 2844 868 2895 et
899 2833 1082 2917 excogitata
1106 2848 1217 2898 contra
1240 2836 1394 2918 saevitiam

343 2944 524 3031 prudentia,
540 2964 597 3028 per
611 2942 755 3026 reginam
774 2942 906 3006 transire
922 2940 1084 3027 disposuit,
1102 2957 1138 3008 ut
1153 2945 1221 3029 ejus
1237 2933 1394 3014 arrxilium

343 3052 517 3141 postularet
531 3051 572 3115 ad
587 3050 782 3137 colloquium
797 3072 870 3114 cum
891 3072 965 3136 rege
986 3050 1070 3116 salvo
1096 3052 1292 3118 babendum.
1339 3057 1394 3120 Ad

343 3183 552 3248 quamquam
568 3160 756 3237 divertisset,
772 3159 912 3224 reddidit
926 3160 1053 3247 reginae,
1069 3174 1102 3226 et
1118 3163 1262 3246 quietum
1278 3163 1393 3229 clama·

342 3275 399 3351 vit,
411 3271 565 3338 tributum
578 3269 665 3355 quod
674 3269 715 3334 de
724 3269 842 3356 Anglia
851 3269 1004 3334 debuerat
1014 3272 1179 3336 annuatim
1196 3275 1371 3359 percepisse
1382 3302 1392 3354 3

344 3399 378 3450 et
392 3397 469 3448 tunc
484 3381 617 3446 demum
638 3379 716 3445 adiit
742 3402 850 3468 regem
866 3381 957 3446 istius
968 3383 1036 3467 jam
1058 3384 1250 3448 remissionis
1265 3408 1329 3450 non
1347 3387 1394 3472 ig.

344 3518 468 3573 narum,
483 3493 540 3558 sed
565 3514 623 3578 per
647 3491 734 3557 illam
747 3493 815 3578 jam
836 3493 1046 3577 pacificatum.
1094 3493 1205 3569 Quum
1230 3511 1337 3561 autem
1353 3499 1393 3560 de

344 3605 473 3692 negotio
488 3603 694 3689 spoliatorum
709 3624 837 3666 suorum
857 3603 1055 3668 mentionem
1072 3603 1199 3684 faceret,
1215 3628 1279 3670 non
1297 3609 1393 3671 estin

344 3716 451 3799 aliquo
466 3713 657 3792 exaudime,
684 3711 741 3776 sed
751 3712 866 3777 frustra
881 3733 983 3799 quum
993 3713 1174 3793 laborasset,
1191 3729 1224 3780 ct
1240 3718 1395 3783 tributum

344 3828 396 3912 (ut
406 3827 474 3913 jam
489 3825 611 3891 dictum
627 3823 692 3911 est)
707 3826 850 3909 quietum
865 3825 1037 3902 clamasset,
1050 3825 1162 3892 dolens
1182 3830 1394 3917 confususque

344 3959 489 4004 reversus
504 3949 553 4002 est
566 3937 600 4000 in
613 3934 855 4001 Normanuiam.
891 3934 934 4001 Et
949 3958 1015 4022 prae
1024 3936 1138 4003 dolore
1161 3953 1195 4004 et
1209 3942 1395 4006 confusione

344 4049 454 4115 volens
477 4049 511 4112 in
534 4069 642 4134 regem
665 4046 828 4124 vindicari,
850 4048 955 4133 coepit,
971 4049 1003 4111 in
1021 4062 1176 4133 quantum
1192 4051 1305 4134 potuit,
1324 4075 1396 4138 gra-

345 4180 418 4224 vare
435 4158 506 4223 illos
525 4157 565 4222 dc
587 4156 800 4223 Constantino
818 4153 851 4222 et
867 4155 935 4224 illos
950 4157 990 4221 de
1008 4157 1177 4236 Daufront,
1197 4161 1250 4244 qui
1266 4161 1396 4225 fuerunt

345 4271 516 4355 aliquando
525 4271 670 4336 homines
684 4269 781 4356 ipsius
790 4269 882 4357 regis,
895 4282 928 4335 et
940 4293 1018 4354 quos
1033 4293 1088 4334 rex
1102 4271 1168 4355 ipsc
1179 4272 1274 4336 etiam
1290 4272 1395 4337 adhuc
