3212 5206
189 505 350 556 unere-em]
626 503 803 550 ennosrcou.
1215 507 1241 546 eo

184 645 246 710 dus
261 643 450 732 abjecerant,
465 664 523 728 per
536 643 718 730 episcopum
733 640 895 706 Ceuddam
912 645 929 722 1
945 639 1082 705 reduxit.
1129 638 1194 706 Hic
1217 664 1239 706 u

186 756 373 843 propinquis
388 757 451 821 suis
466 769 575 843 postea
591 767 773 843 peremptus
789 768 846 832 oet,
861 777 900 819 eo
915 753 1002 840 quod
1016 755 1081 823 suis
1094 766 1252 840 parceret=

186 869 340 947 hostibus,
369 891 430 934 nec
459 867 682 953 delinquentes
710 867 745 935 iu
776 889 819 945 ee,
842 868 869 932 si
899 867 1102 954 poeniterent,
1124 866 1239 953 punire

193 979 295 1047 uellet.
340 980 418 1045 Post
432 980 522 1045 illum
537 979 682 1067 regnavit

232 1091 309 1158 VII.
335 1091 541 1170 Suithelmus,
574 1091 671 1157 frater
699 1114 777 1157 snus
806 1091 862 1177 qui
891 1091 931 1157 ab
962 1089 1079 1158 eodem
1108 1090 1239 1157 Ceedda

189 1205 339 1293 episeopo
354 1204 531 1290 baptizatus
547 1217 615 1280 est3
639 1225 740 1289 eoque
756 1216 883 1269 mortuo
900 1271 902 1278 ,

233 1315 327 1382 VIIL
354 1315 497 1402 Sigerius
511 1314 596 1380 filius
613 1313 771 1402 Sigeberti
786 1315 884 1401 parvi,
900 1327 934 1380 et

231 1426 292 1492 IX.
319 1426 454 1493 Sebbius
468 1427 553 1493 filius
570 1425 712 1492 Senardi
723 1449 859 1514 regnum
874 1440 1056 1494 tenuerunt.
1104 1428 1241 1494 Sebbius

190 1553 310 1618 autem,
335 1541 459 1628 Sigerio
478 1552 616 1617 mortuo,
641 1538 728 1626 apud
749 1550 896 1605 sanetum
915 1537 1064 1616 Paulum,
1082 1540 1140 1604 ubi
1164 1554 1242 1606 tuno

190 1653 339 1739 temporis
352 1673 393 1718 ex
407 1651 606 1718 institutione
618 1649 739 1716 Melliti
750 1650 899 1716 monachi
911 1665 1011 1728 erant,
1021 1650 1131 1715 relicto
1143 1662 1243 1739 regno

188 1762 365 1828 monachus
379 1761 480 1827 factus
495 1775 554 1827 est.
600 1761 665 1826 Pro
680 1783 744 1847 quo
758 1774 972 1848 regnaverunt
987 1761 1045 1825 filii
1060 1764 1129 1848 ejus

233 1873 281 1942 X.
304 1875 481 1954 sewardus,
497 1888 531 1941 et

230 1989 295 2054 XI.
321 1987 505 2054 Seinfredus
513 2016 524 2070 3
547 1989 662 2075 quibus
676 1988 717 2056 de
733 1987 839 2055 medio
854 1988 986 2054 sublatis
1001 1989 1151 2055 suecessit

231 2100 306 2166 XII.
333 2100 408 2167 offa
422 2100 504 2166 iilius
520 2101 692 2190 Sigelwidi,
704 2101 833 2189 juvenis
847 2102 949 2167 aetatis
960 2101 1092 2179 floridae,
1103 2101 1244 2189 jucundi

191 2211 298 2278 vultus
319 2226 353 2278 et
375 2213 484 2291 animi,
505 2212 590 2299 apud
610 2213 697 2279 cives
717 2213 832 2278 amoris
853 2213 1005 2292 meximi3
1040 2214 1096 2298 qui
1117 2213 1246 2280 hortatu

193 2323 400 2391 Kineswithae
415 2325 489 2392 filiae
512 2325 643 2404 Pendee
660 2326 752 2412 cujus
773 2327 898 2412 nuptias
920 2338 1089 2413 spreverat,
1107 2327 1244 2393 Romam

191 2437 269 2503 adiit
284 2460 360 2503 oum
378 2436 528 2506 Cenredo
545 2441 563 2521 ‡
579 2458 654 2523 rege
671 2436 876 2515 Merciorum,
891 2437 948 2502 ubi
964 2450 1118 2516 attonem,
1134 2461 1245 2503 mona·

192 2550 271 2615 chus
285 2550 387 2616 fectus
401 2563 458 2628 est,
474 2563 508 2616 et
522 2549 643 2616 ibidem
658 2551 758 2616 vitam
772 2550 882 2616 finivit,
930 2548 996 2616 cui
1009 2551 1161 2617 successit

235 2661 335 2728 XIII.
360 2661 514 2727 celredus
531 2660 689 2748 Sigeberti
703 2662 782 2726 boni
794 2662 888 2739 filius,
898 2674 931 2727 et
946 2663 1039 2727 aunis
1063 2664 1194 2752 triginte
1215 2676 1248 2729 et

195 2787 268 2838 octo
282 2773 447 2858 regnavit3
471 2794 535 2856 quo
550 2772 680 2837 tandem
695 2790 871 2858 perempto,
886 2774 1036 2840 successit

237 2883 331 2948 XIV.
358 2882 557 2962 Suithredus,
585 2885 639 2971 qui
665 2886 705 2952 ab
732 2884 874 2973 Egberto
900 2888 1050 2975 expulsus
1072 2901 1131 2955 est.
1193 2887 1246 2954 Sic

179 2996 355 3085 'Egbertus
370 2998 514 3063 omnium
529 3020 702 3086 regnorum
723 2984 851 3086 Anglioe
871 2999 1012 3065 obtinuit
1034 3000 1249 3067 dominatum.

195 3110 363 3176 Loudonia
387 3124 505 3189 tamen,
519 3134 594 3178 num
616 3111 837 3199 adjacentibus
859 3112 920 3178 sibi
941 3113 1136 3200 regionibus,
1162 3112 1251 3180 Mer-

195 3223 317 3288 ciorum
332 3224 461 3310 regibus
476 3237 661 3308 paruerunt,
677 3224 831 3310 quamdiu
845 3238 1070 3311 regnaverunt.

408 3387 461 3451 Dr
484 3406 595 3452 nunno
616 3387 841 3452 Ausi-morum
865 3387 1042 3454 Snxouuu.

243 3496 295 3562 De
311 3497 439 3585 regibus
453 3497 654 3563 Australium
671 3497 836 3563 Saxonum
844 3497 949 3564 brevis
960 3498 1134 3565 admodum
1145 3510 1253 3564 curret

202 3610 310 3687 oratio,
332 3632 434 3696 quum
456 3621 519 3674 tres
542 3622 668 3686 tantum
692 3610 726 3674 in
751 3608 863 3676 ordine
889 3626 1059 3699 ponantur.
1107 3610 1255 3690 Quorum

209 3744 352 3808 primum

246 3831 272 3898 Ι.
290 3831 398 3897 Ellam
423 3854 489 3899 esse
504 3823 690 3921 reperimus.
736 3833 813 3901 Non
828 3835 918 3902 illum
934 3835 1007 3903 dico
1023 3836 1129 3902 Ellam
1144 3857 1254 3923 regem

227 4041 238 4088 ι
252 4039 373 4088 sigebertus
394 4049 488 4088 regnum
503 4040 593 4090 adeptus
606 4044 628 4082 et
639 4053 669 4082 ex
682 4042 772 4082 consilio
787 4041 853 4081 oswii
867 4041 1027 4082 Nerthumbriae
1040 4040 1106 4091 Regin
1120 4039 1254 4080 Christianus

201 4101 280 4149 iaetus,
294 4103 407 4150 ceaddam,
421 4102 531 4142 hominem
544 4104 631 4144 doctum
646 4105 711 4154 Juxta
729 4106 751 4143 et
768 4103 836 4152 pium,
850 4104 973 4154 episcopum
990 4102 1108 4143 oomeereri
1127 4101 1257 4152 procurent.

202 4169 265 4212 Quod
271 4179 352 4209 munus
360 4170 458 4219 gnaviter
467 4171 504 4211 illo
513 4171 600 4221 quidem
607 4173 629 4210 et
637 4171 719 4210 solicite
727 4171 802 4210 obivit.
830 4171 930 4210 Gouwm
940 4181 972 4211 uz
980 4180 1081 4211 runnu.
1090 4181 1112 4219 p.
1123 4170 1166 4208 172.

125 4259 127 4265 ·
228 4237 239 4283 t
254 4237 280 4276 Δ.
290 4237 317 4276 D.
328 4237 372 4277 709.
389 4239 402 4260 ¹⁸
410 4237 462 4278 Thu
470 4249 520 4288 year
530 4238 611 4279 eenred
619 4240 707 4277 wentto
717 4237 799 4285 Romu
812 4238 855 4278 md
865 4237 973 4280 orruith
985 4236 1038 4278 him.
1065 4235 1203 4277 Andcenred
1210 4243 1254 4274 m

201 4303 261 4344 there
269 4307 292 4344 ιο
302 4305 338 4345 the
348 4305 462 4346 endothi·
471 4306 530 4348 life!
556 4307 636 4348 saxon
645 4305 735 4348 cazor.
