3212 5206
315 535 340 574 ³2
672 535 798 576 HENRICI
814 536 853 576 DE
867 536 1016 578 sucitavit
1195 539 1230 588 [A.
1238 539 1263 581 Ι),
1274 543 1312 582 600
1321 543 1364 583 640.

316 695 389 738 cum
406 672 470 735 suis
485 673 612 759 regibus
634 671 675 737 ad
698 687 812 738 nutum
834 675 1028 758 spectabant.
1086 676 1271 742 Cantuarini
1290 702 1366 744 vero

315 785 454 871 quilibet
468 806 526 868 pro
541 807 574 848 se
591 785 782 872 quandoque
798 809 894 872 super
908 809 1019 851 omnes
1037 787 1164 876 Angliae
1177 811 1268 876 reges
1278 792 1366 877 prin·

315 898 457 984 cipatum
479 897 625 983 agebant,
649 919 749 981 usque
773 898 815 962 ad
837 899 1068 988 subjectionem
1096 909 1191 984 quam
1220 904 1365 970 exercuit

317 1011 422 1073 ineos
443 1007 603 1096 Egbertus
624 1007 894 1074 West-Saxonum
917 1031 984 1075 rex.
1031 1010 1226 1078 Redwaldus
1246 1028 1364 1093 autem,

313 1119 467 1184 suadente
498 1141 572 1206 rege
604 1119 749 1198 Edwin0‚
780 1121 957 1206 baptizatus
987 1135 1052 1198 est3
1091 1122 1148 1187 sed
1170 1126 1277 1190 uxoris
1299 1149 1365 1193 suae

312 1233 443 1297 consilio
466 1255 485 1296 a
506 1231 569 1296 fide
592 1233 728 1298 recessit.
787 1232 873 1298 Huic
896 1236 1045 1300 successit
1066 1235 1100 1299 in
1123 1258 1259 1323 regnum
1281 1237 1363 1304 filius

314 1347 391 1430 ejuS,

266 1508 268 1514 ι
358 1455 444 1522 IIII.
468 1455 693 1540 Eorpwaldus3
718 1456 868 1542 idemque
884 1481 942 1545 per
957 1458 1149 1525 Eadwinum
1165 1483 1274 1549 regem
1289 1463 1364 1550 bap-

317 1569 411 1634 tisma
427 1570 577 1655 suscepit.
622 1568 700 1634 Post
715 1592 790 1634 eum
806 1571 946 1657 regnavit

358 1681 400 1747 V.
419 1680 621 1769 Sigebertns3
644 1682 768 1748 sedhic
783 1707 952 1750 conversus
967 1700 1015 1749 eat
1030 1684 1070 1749 ad
1087 1684 1362 1753 Christianitatem

315 1817 373 1882 per
394 1793 535 1860 Felicem
556 1795 752 1882 episcopum,
766 1797 830 1880 qui,
852 1796 892 1861 de
916 1796 1104 1885 Burgundia
1127 1812 1231 1876 natus,
1253 1799 1368 1886 praedi·

316 1907 525 1994 candifgratia
538 1907 627 1972 venit
642 1908 674 1971 in
695 1907 855 1994 Angliam.
902 1908 967 1974 Hic
982 1932 1037 1974 rex
1055 1909 1248 1997 Sigebertus
1264 1935 1365 1997 quum

316 2032 399 2084 esset
430 2018 731 2100 christianissimus,
756 2020 796 2085 de
822 2020 978 2084 Hibernia
1007 2025 1191 2087 venientem
1221 2039 1365 2089 sanctum

314 2132 454 2218 suscepit
488 2130 654 2208 Furseum‚
684 2144 718 2196 et
756 2131 846 2197 dedit
875 2134 905 2198 ei
935 2132 1042 2197 locum
1072 2134 1113 2198 ad
1141 2135 1362 2201 aedificandum

313 2245 495 2312 coenobium
525 2243 612 2331 apud
641 2244 883 2309 Cnoberesberi.
930 2244 1060 2311 Scholas
1082 2247 1178 2311 etiam
1209 2270 1267 2334 per
1295 2247 1366 2313 loca

313 2357 405 2444 regni
434 2357 485 2420 sui
511 2356 668 2436 instituit3
702 2371 735 2421 et
758 2357 886 2422 tandem
908 2371 975 2422 tam
997 2381 1096 2446 regno
1119 2382 1215 2446 quam
1237 2360 1358 2426 mundo

312 2469 513 2546 renuncians,
530 2481 703 2555 cognatum
717 2492 813 2534 suum

355 2579 416 2646 VI.
440 2581 590 2667 Egricum
621 2602 721 2667 regno
750 2581 898 2660 instituit,
922 2597 955 2646 et
985 2583 1159 2648 monachus
1181 2585 1282 2650 factus
1304 2576 1361 2650 est.

312 2692 440 2758 Deinde
457 2715 489 2776 ,aa
519 2691 632 2757 Penda
662 2693 859 2759 Merciorum
889 2717 964 2782 rege
994 2719 1069 2760 cum
1100 2695 1215 2783 Egrico
1237 2710 1269 2761 et
1291 2699 1359 2784 ipse

307 2807 428 2871 occisus
450 2820 507 2884 est,
534 2808 609 2891 quia
630 2807 664 2871 in
687 2829 831 2893 pugnam
852 2807 977 2885 ductus,
1000 2808 1046 2873 nil
1069 2809 1102 2873 in
1126 2831 1225 2875 manu
1247 2824 1361 2897 practer

309 2920 430 3006 virgam
446 2920 551 2984 tenuit
565 2932 692 2984 tantum
707 2920 748 2984 ob
762 2921 890 2984 habitus
904 2921 956 2985 sui
976 2922 1192 2986 reverentiam.
1280 2922 1363 2998 Qui-

308 3031 368 3096 bus
383 3031 533 3096 successit

352 3141 434 3208 VII.
459 3143 559 3208 Anna
573 3143 657 3208 filius
672 3143 740 3208 Inae
755 3143 857 3208 fratris
869 3141 1036 3208 Redwaldi
1045 3169 1055 3221 3
1078 3144 1170 3228 cujus
1181 3143 1244 3209 filia
1255 3160 1364 3211 sancta

308 3255 474 3342 Sexburga
496 3277 569 3320 cum
592 3254 801 3320 Ercomberto
823 3277 898 3342 rege
922 3253 1185 3320 Cantuaritarum
1206 3258 1360 3343 conjugio

308 3367 455 3454 copulata
470 3380 535 3444 est3
559 3366 660 3432 altera
681 3389 766 3445 vero,
788 3379 897 3431 sancta
915 3366 1124 3454 Ethelburga,
1145 3368 1179 3432 in
1203 3367 1308 3434 Gallia
1328 3369 1362 3434 in

308 3481 455 3568 Brigensi
469 3481 660 3546 monasterio
676 3481 835 3546 abbatissa
850 3479 932 3564 facta
947 3499 1002 3546 est„
1058 3479 1169 3544 Tertia
1190 3481 1360 3565 siquidem,

306 3607 415 3657 sancta
437 3591 619 3670 Ethelreda,
633 3593 721 3678 prius
740 3591 1067 3657 Northanimbrorum
1088 3595 1209 3679 regina,
1233 3607 1266 3658 et
1289 3608 1362 3694 post

306 3702 443 3767 Eliensis
472 3703 609 3768 coenobii
638 3703 744 3769 extitit
773 3702 937 3766 abbatissa.
995 3703 1118 3772 Quarta
1147 3716 1215 3768 erat
1243 3721 1355 3770 sancta

307 3815 474 3904 Withgisa,
507 3837 579 3901 quae
609 3813 755 3901 ejusdem
786 3814 970 3878 monasterii
1000 3815 1250 3882 sanctimonialis
1278 3831 1357 3882 erat.

307 3928 420 3992 Annas
435 3942 557 4012 patera
575 3925 686 3990 Penda
702 3946 869 4012 percussus
883 3925 1015 3991 interiit.
1028 3930 1055 4006 ii
1102 3925 1190 3993 Huic
1212 3927 1363 3993 successit

305 4039 402 4103 frater
416 4039 517 4124 ipsius

332 4173 349 4213 ἵ
363 4175 377 4195 ‘·
386 4172 441 4213 ΑΒ.
450 4173 495 4213 654.
509 4171 560 4212 rna
566 4181 617 4220 year
625 4170 678 4220 king
686 4171 799 4210 Annam
808 4169 888 4211 slatn.”
897 4171 952 4211 sax.
966 4171 1137 4212 canon.-“et
1145 4171 1167 4212 in
1175 4171 1229 4220 laco,
1236 4171 1274 4222 qui
1282 4170 1365 4211 Bilder·

305 4241 360 4290 burg
370 4241 513 4291 nuncupatum
522 4238 645 4289 sepelitur?
670 4237 730 4278 Vrrr
745 4237 922 4280 usserman.
