3212 5206
219 441 245 481 Α,
255 441 280 480 D.
293 438 383 486 sessis]
660 435 839 478 crinorum.
1241 437 1264 476 41

217 579 370 649 liberam†
386 575 424 640 ab
440 574 587 641 omnibus
593 572 811 639 functionibus
825 584 857 638 et
872 571 1046 638 absolutam
1061 573 1208 657 inquieto
1216 571 1265 636 di·

217 691 321 755 nibus.
377 688 622 774 Compositoqne
651 709 750 774 regno
777 685 914 750 Romam
935 686 1022 763 adiit,
1038 700 1070 751 et
1093 685 1258 762 tributum,

218 800 303 885 quod
318 822 417 884 usque
433 799 527 864 hodie
544 797 663 885 Anglia
678 797 780 876 solvit,
796 799 889 863 beato
903 797 999 863 Petro
1014 796 1130 862 obtulit
1149 820 1255 862 coram

180 914 186 922 ’
217 913 328 978 Leone
344 935 425 999 papa
439 915 504 988 sto,
521 911 574 996 qui
589 928 621 976 et
636 925 730 975 antes
749 910 919 975 Alfredum
935 910 1038 974 filium
1056 931 1149 974 sunm
1166 909 1206 974 ad
1225 932 1257 973 se

217 1025 349 1090 missum
357 1022 526 1089 honorifice
536 1035 713 1108 susceperat
722 1036 755 1087 et
765 1023 913 1109 inregem
922 1022 1122 1104 inofficiati
1139 1020 1190 1087 Ibi
1200 1020 1260 1107 igi·

218 1149 269 1200 tur
280 1159 364 1201 anno
378 1136 502 1223 integro
517 1149 666 1212 moratus,
677 1134 812 1201 scholam
828 1135 1018 1222 Anglorum,
1029 1157 1124 1219 quam
1136 1135 1176 1198 ab
1189 1133 1263 1200 offa

220 1247 309 1335 Rege
320 1247 524 1324 Merciorum,
536 1259 571 1312 ut
580 1246 703 1325 dicitnr,
714 1248 859 1335 primitus
868 1248 1055 1324 institutam,
1065 1247 1168 1331 primo
1179 1269 1264 1311 anno

216 1359 299 1446 ignis
319 1359 573 1442 conflagraverat,
590 1359 715 1444 egregie
737 1359 901 1446 reparavit.
948 1358 1029 1425 Inde
1052 1358 1183 1424 domum
1209 1379 1266 1442 per

217 1471 352 1536 Galliam
366 1471 549 1556 repatrians,
565 1469 681 1536 Judith
696 1471 793 1535 filiam
810 1470 918 1536 Caroli
935 1470 1025 1536 Calvi
1049 1471 1131 1558 regis
1157 1470 1183 1534 F
1183 1492 1254 1534 ran-

216 1605 327 1648 corum
355 1582 449 1648 duxit
484 1584 516 1648 in
540 1581 786 1646 matrimonium.
847 1583 923 1658 Qua
951 1589 1082 1668 accepta
1104 1604 1202 1666 quum
1225 1579 1266 1644 ad

215 1695 341 1780 propria
361 1693 513 1770 rediisset,
529 1692 620 1758 aliter
641 1715 734 1777 quam
751 1693 891 1780 putabat,
907 1694 1030 1758 animos
1046 1692 1258 1780 quorumdam

216 1803 349 1870 offendit
357 1831 368 1879 ,·
391 1803 548 1888 siquidem
563 1802 860 1869 Ethelbaldusfilius
869 1806 937 1892 ejus
949 1817 982 1869 et
992 1804 1159 1892 episcopus
1172 1803 1258 1869 Shir-

217 1916 418 1982 esbumensis
440 1914 642 1980 Ethelstanus
656 1928 690 1980 et
712 1914 876 1980 Erulerfus
893 1917 1139 1983 Sumersetensis
1154 1937 1260 1981 comes

213 2049 272 2114 pro
284 2049 382 2093 uxore
391 2026 703 2114 alienigenaaregno
717 2049 793 2091 eum
807 2027 962 2112 expellere
972 2027 1164 2092 nitebantur.
1190 2025 1255 2092 Sed

214 2141 377 2205 maturiori
395 2138 552 2205 mediante
570 2138 711 2218 consilio,
724 2161 860 2226 regnum
880 2139 964 2204 inter
978 2151 1100 2227 patrem
1111 2153 1144 2204 et
1157 2139 1257 2204 filium

214 2251 350 2317 divisum
374 2264 432 2329 est,
455 2251 509 2329 sic,
533 2265 571 2317 ut
592 2251 673 2338 patri
692 2250 831 2317 deterior
846 2274 928 2338 pars,
944 2251 1065 2318 scilicet
1086 2251 1255 2328 orientalia,

214 2363 352 2442 daretur,
367 2364 433 2430 filio
452 2385 529 2431 vero
544 2364 656 2431 melior
670 2364 805 2442 cederet,
820 2365 941 2431 scilicet
954 2387 1025 2453 pars
1039 2365 1254 2431 occidentalis.

214 2474 287 2564 Ipse
313 2499 387 2542 vero
410 2501 542 2543 uxorem
567 2477 705 2542 multum
736 2477 912 2557 honoravit,
937 2492 970 2542 et
1001 2491 1111 2542 contra
1139 2499 1262 2543 morem

214 2587 483 2655 West-Saxonum
494 2591 589 2677 juxta
602 2611 635 2653 se
651 2589 685 2653 in
700 2589 849 2654 thronum
864 2587 988 2654 locavit.
1013 2589 1080 2656 Qui
1095 2611 1162 2654 mos
1171 2587 1258 2674 apud

213 2699 298 2786 ipsos
327 2699 468 2778 inolevit,
496 2713 626 2786 propter
654 2698 807 2764 malitiam
838 2699 1045 2786 Eadburgae*
1074 2699 1146 2766 fihae
1178 2700 1262 2767 Offae

213 2810 296 2896 regis
318 2808 513 2874 Marciorum
539 2811 647 2875 uxoris
665 2809 824 2890 Bertricii;
848 2833 919 2895 quae
939 2833 1037 2895 quum
1059 2830 1142 2878 esset
1160 2834 1257 2878 vene·

213 2923 280 2998 fica,
297 2934 493 3009 compertum
508 2936 556 2988 est
570 2923 639 3008 ejus
654 2923 839 2988 veneficium
854 2923 888 2987 in
904 2924 1044 3010 quodam
1058 2924 1259 2992 adolescente

213 3033 280 3120 regi
313 3032 504 3110 dulcissimo,
536 3055 633 3118 quem
665 3032 719 3099 illa
748 3057 871 3102 veneno
907 3035 1052 3116 sustulit3
1089 3039 1258 3123 statimque

214 3145 386 3212 Bertricius
401 3145 552 3211 decubuit
567 3159 600 3210 et
614 3145 758 3211 discessit
772 3169 811 3211 ex
831 3162 919 3235 potu,
930 3170 1024 3232 quem
1039 3149 1105 3233 ipse
1131 3172 1196 3216 suae
1205 3173 1255 3214 re·

240 3397 251 3441 i
265 3397 332 3438 Arno
345 3399 389 3437 8³⁵.
415 3397 516 3437 “Eodem
524 3407 582 3437 anno
590 3397 715 3446 magnificus
728 3409 767 3438 rex
780 3399 920 3439 athelwoitus
932 3401 1036 3442 decimam
1049 3407 1109 3453 regni
1121 3407 1155 3446 sui
1169 3411 1251 3456 partem

214 3463 286 3504 Deoet
292 3465 360 3504 baare
367 3465 442 3506 Marlae
448 3468 469 3505 et
476 3465 576 3504 omnibus
583 3465 662 3504 sanctis
668 3466 861 3513 contulit,lrberam
867 3469 893 3508 ab
900 3471 999 3510 omnibns
1007 3471 1100 3511 servitiis
1108 3475 1253 3525 secularibus,

212 3531 360 3572 exactionibus
368 3535 389 3572 et
397 3531 509 3572 tributis.’'
522 3532 612 3572 diosas
626 3533 693 3573 Hrsr.

334 3600 348 3621 “
356 3599 388 3638 He
396 3609 439 3638 vas
448 3601 495 3639 first
503 3599 622 3648 ostngiond
630 3599 677 3640 that
683 3600 721 3649 gas
728 3601 774 3640 God
781 3600 814 3640 his
824 3601 885 3649 tithe,

345 3666 565 3716 ornumornum,
574 3667 675 3708 otlcndes
683 3679 707 3708 or
715 3668 739 3708 oi
745 3668 798 3709 lithe
807 3670 965 3720 (tenementsl.”

728 3743 729 3746 ’
849 3738 992 3778 Lsnnrorr's
1006 3739 1097 3780 Cursor.
1110 3751 1132 3790 p.
1147 3744 1177 3782 19.

238 3798 268 3838 ot
278 3799 302 3840 st
313 3799 418 3848 swithun,
431 3801 459 3851 by
466 3801 537 3842 whose
545 3802 627 3850 advice,
636 3813 664 3843 no
672 3803 745 3851 doubt,
752 3803 884 3844 stheivolrs
891 3806 1035 3846 benefactione
1042 3818 1096 3847 were
1107 3809 1208 3859 directed,
1218 3821 1250 3852 we

212 3866 501 3917 havothefollowingnotice
509 3870 675 3910 intheFuostas
689 3872 875 3912 Hrsroarsausr:

239 3934 252 3953 ‘⁴
261 3932 329 3971 Arno
343 3931 441 3971 Garris:
449 3935 492 3980 862,
501 3933 590 3972 Sanctus
601 3933 728 3982 Sebinnus,
736 3936 840 3974 ventanae
847 3936 940 3976 civitatis
946 3937 1064 3987 episcopus,
1072 3939 1172 3988 migrarit
1178 3942 1204 3981 ad
1210 3943 1254 3981 Do-

212 3998 303 4038 minum.
330 3997 371 4038 Hic
379 3998 413 4039 sir
422 4002 517 4044 sauctus.
525 4000 577 4040 dum
585 4001 655 4040 adhuc
663 4002 754 4050 viveret,
761 4002 879 4043 multarum
887 4007 932 4044 erat
940 4014 1049 4054 posmsor
1057 4005 1169 4054 virtutum,
1177 4009 1252 4056 praeci-

214 4077 256 4116 pue
263 4068 335 4106 tamen
342 4066 455 4107 clementia
460 4073 483 4107 et
491 4067 613 4108 humilitate
620 4067 734 4118 pollebat*

239 4137 249 4182 1
262 4135 308 4175 The
315 4135 455 4186 ancintlugoi
461 4137 536 4177 Princo
545 4135 618 4177 alfred
626 4147 650 4176 as
658 4137 718 4188 king,
727 4138 805 4187 during
812 4138 849 4178 the
856 4138 910 4179 lives
917 4139 941 4179 ol
949 4139 984 4180 hle
997 4139 1057 4180 tinea
1070 4141 1129 4181 older
1140 4142 1243 4191 brothers,

213 4202 252 4241 bas
260 4203 338 4242 caused
346 4203 411 4243 much
419 4205 541 4254 perplexity
549 4207 571 4243 to
579 4203 702 4245 historiens.

240 4271 252 4295 *
266 4270 318 4311 Aiso
325 4271 392 4311 called
400 4272 524 4313 sometimes
534 4272 671 4322 Ethelburga.
699 4274 712 4294 “
721 4271 914 4324 Βηςῑὴίοω,ίὴιιι
921 4274 969 4316 vell
976 4275 1019 4316 and
1026 4276 1210 4328 knyghtlyrnling
1217 4278 1252 4318 hir

721 4345 740 4405 6
