3252 5170
467 1341 1049 1478 exesurus·

357 1721 421 1796 EX
471 1719 698 1794 HISTORIA
749 1711 1013 1794 ANGLORUM
1065 1721 1113 1793 Η.

250 2273 355 2363 Igitur
375 2275 483 2340 omnia
504 2285 579 2340 stent
601 2273 763 2352 miracula,
787 2295 858 2358 quae
879 2271 971 2338 Beda
991 2295 1127 2361 magnus
1148 2286 1258 2340 auctor

207 2407 267 2452 suo
294 2386 429 2452 inseruit
458 2387 556 2474 operi,
586 2384 726 2471 disperse
756 2385 887 2470 quidem
908 2386 1087 2452 secundum
1109 2388 1260 2472 temporis

207 2497 436 2574 distinctiones,
446 2519 504 2562 nos
515 2496 681 2584 coagulata
691 2497 958 2563 continuavimus.
1004 2497 1055 2562 De
1066 2498 1140 2562 viris
1151 2509 1261 2562 autem

212 2605 396 2686 illustribus,
420 2606 474 2690 qui
498 2617 570 2692 post
592 2618 736 2690 tempora
758 2605 858 2671 Bedae
876 2607 1028 2671 miracula
1045 2607 1190 2671 fecerunt
1209 2607 1260 2670 his

208 2738 275 2781 non
303 2701 452 2780 inferiora
476 2713 528 2779 val
548 2714 674 2792 rariora,
696 2714 788 2779 silere
816 2715 1040 2802 disposuimus,
1059 2711 1152 2800 quia
1173 2717 1256 2781 sicut

206 2824 412 2913 praediximus
425 2821 478 2888 vel
492 2823 679 2890 auctoritate
694 2835 803 2889 carent
814 2836 913 2903 certa,
928 2824 983 2890 val
998 2837 1157 2912 quantum
1172 2825 1264 2892 Beda

210 2935 273 3002 Dei
296 2956 403 3000 servus
431 2934 583 3018 probavit
629 2932 702 2999 Nec
730 2933 838 2999 minus
863 2935 1093 3020 antiquioribus
1118 2934 1269 3000 effulsere

133 3068 145 3080 ·
212 3047 368 3112 moderni.
414 3045 512 3114 Quod
547 3046 575 3111 si
609 3046 678 3130 quis
713 3045 853 3110 libratim
882 3047 1065 3112 examinare
1092 3057 1265 3131 pertentet,

211 3169 300 3242 petat
314 3155 462 3221 ecelesias
477 3176 518 3222 ex
533 3177 644 3220 eorum
659 3155 790 3220 nomina
805 3154 976 3234 dedicatas,
993 3156 1050 3221 ubi
1070 3156 1265 3222 mirabilium

211 3269 353 3334 virorum
367 3263 523 3332 mirabilia
536 3276 626 3352 gesta
640 3264 772 3330 videbit.

611 3486 704 3552 Loca
727 3484 874 3552 Sancus.

257 3623 339 3690 Quis
358 3621 539 3688 cantuariae
564 3621 838 3707 metropolitanam
863 3619 1027 3685 ecclesiam
1051 3621 1266 3688 venerabilem

212 3747 335 3818 petens,
356 3745 390 3798 et
415 3732 598 3798 Danaam
621 3732 720 3818 patris
745 3731 935 3797 sanctissimi
959 3754 1129 3798 numerosa
1153 3732 1264 3820 legens

211 3843 380 3929 magnalia,
409 3864 602 3930 magnopere
632 3865 698 3908 non
727 3843 874 3920 miretur,
889 3855 922 3908 et
950 3843 985 3906 in
1012 3842 1123 3907 laudes
1154 3842 1263 3909 Sancti

214 3953 404 4020 Sanctorum
418 3953 668 4040 gratulabundus
683 3976 749 4018 non
775 3953 947 4038 erumpat?
981 3951 1163 4018 Clarissima
1177 3953 1264 4019 dieta

211 4065 293 4129 tanti
307 4064 405 4151 patris
419 4063 615 4152 amplectens
630 4081 794 4129 eructuare
805 4063 939 4150 poterit:
964 4065 1120 4128 Mirabilis
1134 4065 1218 4128 Deus
1232 4068 1264 4127 in

217 4177 338 4241 Sanctis
355 4176 443 4240 suia!
