3212 5206
320 564 345 603 tt
686 557 809 599 unumst
825 557 864 598 DE
878 558 1025 599 SILGRAVE
1243 557 1305 606 [ab.
1315 555 1371 596 1087.

317 699 426 762 mitate
442 697 523 761 serra
537 696 643 760 lucida
654 711 686 760 et
702 697 792 761 clara.
841 695 940 770 Quod
952 696 995 759 ita
1008 694 1128 759 factum
1143 709 1200 758 est.
1246 693 1285 756 In
1300 659 1370 757 bre·-

321 809 352 870 vi
368 807 454 871 enim
471 829 543 870 cunr
565 807 652 871 mille
674 807 828 872 militibus
855 807 1012 892 ingressus
1033 818 1080 869 est
1095 805 1127 868 in
1150 804 1326 884 franciam,
1341 818 1375 868 et

321 917 474 994 civitates,
496 917 596 994 villas,
616 931 648 982 et
668 918 869 993 monasteria,
889 916 1022 980 aedificia
1040 929 1072 979 et
1092 935 1223 979 nemora
1245 927 1372 978 vastans

320 1027 481 1104 incendio,
508 1049 652 1092 reversus
679 1027 928 1112 Rotbomagum,
954 1027 1070 1090 iterum
1094 1024 1192 1109 coepit
1209 1038 1370 1110 aegrotare.

321 1135 416 1202 Unde
436 1137 514 1200 feeit
535 1158 568 1200 se
591 1136 706 1200 deferri
730 1158 830 1222 usque
852 1134 892 1199 ad
913 1137 1064 1200 Sanctum
1089 1134 1293 1201 Gervasium:
1316 1132 1372 1198 ubi

319 1247 500 1310 convocatis
516 1247 725 1332 magnatibus,
742 1245 897 1332 disposuit
909 1245 1014 1310 liberis
1029 1245 1103 1310 suis.
1149 1243 1248 1308 Dedit
1262 1244 1370 1327 itaque

320 1356 463 1421 Roberto
490 1357 701 1443 primogenito
722 1379 790 1433 suo,
806 1357 887 1419 sicut
907 1353 1031 1418 dudum
1046 1366 1263 1440 proposuerat,
1279 1351 1376 1418 duca·

319 1483 389 1531 turn
405 1466 614 1532 Nonnanniae
628 1481 661 1531 et
675 1465 914 1531 Cenomanniae
960 1464 1111 1552 Angliem
1123 1488 1199 1530 vero
1211 1464 1371 1530 Willelmo

319 1577 470 1655 filiosuo,
487 1577 541 1661 qui
557 1575 721 1640 dicebatur
738 1575 853 1653 Rufus,
869 1574 1023 1652 contulit;
1047 1576 1220 1640 fluctuabat
1235 1578 1320 1641 enim
1336 1575 1371 1639 in

316 1688 360 1752 hn
369 1689 514 1753 sitatione
527 1688 722 1753 conscientia
733 1709 789 1752 sua
804 1688 945 1773 cireajns
954 1710 1046 1752 suum
1057 1687 1091 1751 in
1100 1686 1271 1772 adeptione
1282 1689 1373 1772 Ang-

315 1798 379 1876 liae3
404 1797 543 1864 dilucide
553 1821 691 1886 namque
704 1797 912 1875 noneidebet,
923 1799 1094 1884 prasertim
1107 1820 1206 1882 quum
1219 1811 1265 1862 tot
1282 1797 1373 1884 Ang-

316 1909 363 1974 los
378 1910 494 1996 injuste
504 1933 536 1974 se
550 1909 698 1988 credebat
708 1911 887 1995 peremisse.
923 1909 1064 1975 Henrico
1076 1933 1150 1975 vero
1159 1911 1372 1997 possessiones

318 2033 478 2084 maternas
485 2043 558 2084 cum
570 2023 598 2085 V
610 2020 749 2084 millibus
758 2020 908 2085 librarum
921 2021 1043 2106 argenti
1054 2019 1144 2085 dedit
1155 2044 1163 2095 3
1181 2021 1313 2084 firmiter
1323 2021 1371 2083 in-

317 2131 459 2216 jungens
473 2130 620 2195 fratribus
641 2131 705 2193 suis
722 2143 759 2194 ut
779 2128 868 2192 illurn
885 2149 949 2212 prae
969 2127 1118 2193 omnibus
1136 2128 1206 2192 aliis
1232 2128 1371 2194 ditarent

318 2253 351 2304 et
366 2239 584 2304 sublimarent.
629 2239 724 2304 Tunc
739 2238 821 2303 facta
832 2237 1030 2304 consessione
1041 2250 1073 2302 et
1082 2252 1231 2324 percepta
1246 2237 1372 2304 Eucha-

316 2351 413 2430 ristia,
429 2350 586 2434 incipiens
603 2350 698 2414 morti
718 2349 982 2437 appropinquare,
1004 2349 1080 2414 fecit
1094 2371 1148 2414 om
1155 2370 1212 2414 nes
1231 2349 1370 2414 incarce-

317 2475 401 2526 ratos
416 2460 553 2525 liberari.
1377 2465 1378 2468 ’

366 2583 457 2650 Obiit
472 2606 548 2672 ergo
563 2583 746 2649 Willelmus
766 2583 850 2649 circa
870 2584 1104 2672 sexagesimum
1125 2598 1273 2670 quartum
1298 2599 1370 2650 aeta-

322 2695 362 2760 tis
376 2717 442 2760 suae
466 2717 597 2772 annum,
619 2716 721 2778 quum
740 2707 901 2780 regnasset
923 2695 956 2758 in
981 2694 1101 2781 Anglia
1120 2717 1220 2760 annos
1246 2695 1370 2780 viginti,

319 2807 362 2871 A.
378 2807 418 2871 D.
434 2806 601 2872 millesimo
612 2806 804 2892 octogesimo
814 2806 970 2892 septim03
993 2820 1026 2872 et
1035 2805 1120 2891 apud
1132 2796 1311 2872 (ludentum
1324 2820 1372 2870 est

319 2916 495 3004 sepultm*.

618 3229 689 3292 'Dn
713 3225 903 3290 Wranmao
927 3226 1032 3292 Rure.

663 3321 686 3366 ο

372 3390 470 3454 Anno
487 3388 583 3474 igitur
597 3387 775 3452 Dominieae
795 3384 1025 3452 Incarnationis
1036 3387 1202 3454 millesimo
1217 3392 1373 3477 octogesi-

322 3523 375 3565 mo
390 3514 501 3566 octavo
518 3498 727 3565 transfretavit
745 3497 932 3576 Willelmus,
949 3498 1032 3563 lilius
1047 3500 1124 3585 ejus,
1136 3498 1240 3604 dictus
1257 3499 1372 3578 Rufus,

345 3800 357 3823 θ
372 3798 417 3838 The
426 3797 492 3837 moral
500 3797 626 3846 pertraltnre
635 3797 659 3836 ol
666 3797 710 3836 this
719 3797 833 3845 sovereign
840 3797 858 3836 le
867 3797 971 3846 quntntly.
979 3799 1017 3837 but
1025 3809 1077 3848 very
1082 3798 1157 3847 justly,
1164 3798 1244 3846 drawn,
1257 3800 1282 3848 by
1293 3800 1373 3840 ltubert

320 3865 413 3914 rabum,
428 3875 451 3904 ro
464 3864 524 3904 often
538 3864 628 3913 quoted;
639 3865 674 3912 (he
686 3874 728 3903 was
741 3864 857 3903 Alderrnan
869 3864 893 3903 ot
905 3865 997 3904 London
1012 3865 1055 3904 end
1073 3866 1189 3905 flourtshetl
1194 3867 1217 3906 ln
1224 3867 1261 3906 the
1274 3866 1372 3906 anesum

322 3931 424 3978 century)
440 3933 453 3952 “
462 3930 530 3969 When
540 3929 645 3979 wyllyam
651 3939 695 3968 was
704 3929 765 3975 dead,
772 3940 822 3968 men
830 3930 896 3978 syrke
906 3930 983 3980 othym
992 3941 1015 3970 as
1024 3931 1074 3980 they
1083 3931 1125 3971 deo
1131 3931 1220 3972 otother
1228 3933 1372 3982 Prynces,end

320 3997 372 4045 teyd
383 3997 430 4036 thet
443 3996 470 4035 he
480 4007 523 4035 was
532 4006 589 4045 wyse
599 3997 641 4035 and
648 3996 760 4045 gnyletull.
771 3996 835 4044 ryehe
843 3998 885 4036 end
892 4001 1003 4046 cevytous‚
1011 3997 1054 4036 und
1060 3998 1124 4038 loued
1129 3998 1177 4038 well
1188 4002 1210 4038 to
1217 3999 1242 4038 be
1257 3997 1372 4046 magnifiee

318 4064 362 4105 and
370 4063 467 4112 praysed,
481 4072 495 4101 s
507 4062 552 4102 tare
560 4063 637 4111 speker
645 4062 687 4101 and
696 4064 755 4110 great
763 4059 895 4107 dissimulet,
905 4071 976 4100 emen
985 4063 1009 4101 or
1015 4063 1097 4102 skllmll
1109 4067 1198 4110 stature,
1207 4065 1246 4102 but
1254 4073 1312 4102 same
1325 4063 1373 4102 dete

316 4133 348 4172 tat
361 4131 384 4170 ln
403 4131 440 4169 the
457 4129 520 4178 netly.
534 4132 604 4167 aterne
618 4128 642 4167 ot
658 4129 711 4174 face,
725 4127 767 4165 and
785 4130 859 4175 strong
877 4127 901 4167 in
914 4138 994 4177 nrmys,
1007 4130 1050 4168 end
1070 4130 1171 4170 therwlth
1190 4129 1259 4176 holds,
1271 4129 1314 4169 end
1329 4129 1372 4168 bad
1455 4163 1457 4166 .

317 4201 376 4249 yreat
390 4197 486 4246 pleature
500 4195 523 4236 tn
536 4195 647 4244 huntynge
661 4193 704 4233 aad
717 4193 739 4232 tn
752 4193 858 4242 makynge
873 4194 896 4233 ot
909 4198 968 4243 great
982 4195 1081 4236 teestes.''
