3212 5206
277 513 307 552 -28
614 507 740 550 nautum
755 509 794 549 DE
807 503 954 549 attestava
1176 506 1212 555 [Δ.
1228 506 1254 545 D.
1275 505 1336 545 1068.

282 666 407 714 remam
445 644 617 716 revestiens
655 644 748 724 dixit,
772 641 956 712 “Versatur
983 641 1137 711 fortitudo
1164 655 1273 709 nostra
1299 642 1336 710 in

279 757 469 846 regumn&

326 868 489 954 Disposito
500 866 658 953 siquidem
666 866 809 932 exercitu
818 865 917 932 sucin
928 878 992 932 tros
1006 876 1120 952 partes,
1133 886 1265 950 quarum
1276 885 1337 928 un-

282 1000 336 1044 am
349 979 419 1065 ipse
434 976 584 1058 ducebat;
611 976 706 1043 aliam
721 976 869 1065 Rogerus
883 977 924 1042 de
939 976 1168 1064 Montgomen',
1183 989 1217 1040 et
1236 973 1338 1041 erli·

282 1088 386 1154 elmus
399 1089 482 1155 filius
504 1087 667 1167 osterna
681 1088 895 1155 seneschallus
920 1089 1021 1167 ducis,
1040 1089 1167 1153 tertiam
1189 1086 1337 1174 Alaynus

283 1198 424 1287 Fergant
437 1211 472 1265 et
486 1197 717 1288 Naymericus3
740 1199 923 1285 paravitque
938 1198 1005 1264 dux
1015 1199 1171 1286 impetum
1182 1197 1286 1264 faeere
1300 1197 1337 1262 in

281 1305 419 1397 anglos.
441 1308 566 1376 Videns
576 1309 737 1376 Haraldus
745 1309 880 1396 primam
894 1311 995 1375 aciem
1010 1308 1111 1387 ducis,
1125 1308 1226 1395 coepit
1240 1330 1273 1373 se
1288 1307 1337 1395 ip-

283 1442 356 1486 sum
370 1423 521 1502 animare,
536 1420 647 1488 dicens
659 1421 749 1487 fratri
763 1443 821 1487 suo
838 1419 956 1498 Gurth,
972 1428 994 1460 ‘⁶
1002 1422 1053 1485 De
1061 1431 1150 1485 tauta
1162 1431 1260 1506 geute
1270 1440 1338 1483 non

284 1543 334 1596 est
348 1530 663 1597 nobistimendum.’'
709 1529 774 1596 Sed
785 1529 897 1596 videns
905 1529 1080 1596 secundam
1091 1529 1194 1595 aciem
1202 1550 1339 1614 sequen·

286 1653 366 1722 tem,
381 1663 497 1730 pavere
519 1642 617 1730 coepit
635 1654 669 1706 et
678 1640 921 1707 animositatem
940 1643 1098 1707 amittere.
1141 1638 1263 1705 Videns
1283 1638 1340 1705 de·

285 1753 384 1838 nique
409 1753 544 1834 tertiam,
561 1753 615 1818 cui
640 1752 707 1817 dux
722 1765 866 1840 praeerat,
890 1751 976 1838 quod
989 1753 1091 1839 major
1113 1753 1238 1818 caeteris
1261 1764 1339 1830 erat,

285 1866 387 1932 nimio
402 1866 513 1931 timore
524 1867 715 1932 concutitur.
762 1865 827 1932 Sed
839 1866 977 1932 confisus
985 1865 1027 1929 de
1038 1863 1244 1930 multitudiue
1254 1886 1334 1952 gen·

286 1976 327 2040 tis
341 1997 415 2052 suae,
429 1974 505 2041 licet
518 1974 677 2040 minorem
690 1975 822 2039 haberet
835 1974 992 2054 militiam,
1002 1973 1122 2039 multos
1132 1975 1254 2040 habens
1269 1995 1337 2039 rus·

287 2085 366 2152 ticos
377 2098 412 2150 et
424 2083 575 2170 plebeios,
589 2084 707 2150 fecerat
721 2085 791 2170 jam
805 2084 886 2170 erigi
900 2082 1107 2149 standardum
1122 2106 1227 2164 suum,
1243 2095 1277 2148 et
1303 2084 1340 2148 in

287 2219 327 2262 eo
350 2196 503 2284 suspendi
526 2194 684 2268 vexillum
710 2195 895 2282 pretiosum,
911 2193 998 2279 quod
1024 2193 1155 2279 quidem
1178 2193 1247 2260 dux
1265 2207 1340 2284 post

287 2306 408 2372 bellum
423 2308 509 2373 misit
522 2305 655 2372 domino
669 2309 775 2393 Papae,
789 2307 824 2370 iu
839 2307 968 2392 signum
983 2306 1123 2371 victoriae
1137 2327 1211 2372 suae.

333 2417 453 2483 Statuit
465 2418 574 2501 itaque
591 2417 664 2482 Rex
686 2438 798 2482 omnes
816 2437 890 2481 suos
905 2415 940 2479 in
954 2414 1031 2480 locis
1048 2415 1153 2497 certis,
1167 2414 1340 2504 prohibens

287 2527 335 2594 eis
349 2549 391 2592 ne
406 2550 427 2593 a
439 2527 517 2594 locis
531 2528 596 2594 suis
610 2526 807 2606 recederent,
821 2526 884 2591 sed
895 2525 1072 2592 immobiles
1087 2538 1217 2604 starent,
1226 2537 1339 2610 utpote

250 2729 252 2734 Ι
290 2639 346 2724 qui
357 2662 423 2705 non
432 2639 583 2706 insultare
593 2655 648 2706 aut
658 2637 791 2727 aggredi
801 2649 963 2716 venerant,
972 2649 1090 2704 terram
1100 2659 1191 2703 suam
1201 2649 1342 2702 tantum·

290 2749 387 2817 modo
396 2751 435 2816 ub
451 2750 520 2816 aliis
530 2749 749 2816 defenderent
780 2749 902 2816 Docuit
911 2771 965 2814 eos
980 2748 1076 2814 etiam
1092 2761 1128 2814 ut
1142 2770 1274 2836 corpora
1287 2769 1346 2812 sua

289 2863 388 2926 scutis
402 2874 436 2926 et
451 2862 558 2948 targiis
573 2874 606 2927 et
620 2862 708 2927 ostiis
717 2860 887 2926 domorum
893 2883 935 2924 ac
951 2861 1203 2945 quibuscumque
1213 2873 1342 2946 possent

291 2970 470 3049 obstaculis,
500 2971 541 3036 ab
578 2971 719 3036 hostium
743 2972 923 3036 incursione
964 2971 1184 3036 defenderent.
1244 2972 1355 3067 Quod.
1425 3027 1428 3034 .

288 3082 337 3146 ita
349 3081 469 3146 factum
485 3093 551 3158 θεῖς
575 3081 663 3146 unde
679 3104 743 3146 non
759 3081 850 3146 facile
867 3092 1014 3167 poterant
1030 3079 1208 3146 Normauni
1224 3104 1278 3146 eos
1293 3083 1342 3146 iu-

291 3191 417 3258 vadere.
462 3191 658 3258 Invadentes
684 3205 792 3257 tamen
815 3205 852 3257 ut
873 3203 1022 3278 poterant
1047 3213 1132 3256 nunc
1156 3192 1338 3278 proficiunt,

289 3327 380 3370 nunc
395 3303 602 3391 repelluntur.
647 3303 803 3368 fecerant
813 3317 922 3369 autem
933 3301 1032 3390 Angli
1046 3303 1170 3368 foveam
1184 3303 1345 3389 quandam

291 3415 512 3502 praegrandem
536 3428 628 3482 caute
649 3427 681 3480 et
700 3413 875 3503 ingeniose,
891 3436 988 3499 quam
1005 3413 1065 3498 ipsi
1080 3436 1121 3479 ex
1142 3413 1271 3498 obliquo
1285 3437 1340 3478 cu·

253 3587 255 3593 .
292 3537 408 3601 rantes,
420 3525 594 3589 maximam
608 3523 847 3590 multitudinem
858 3523 1122 3588 Normannorum
1136 3522 1170 3587 iu
1180 3545 1251 3589 eam
1265 3546 1346 3611 prae-

291 3634 502 3722 cipitaverant
510 3657 520 3711 ;
543 3647 576 3700 et
589 3633 698 3721 plures
712 3634 808 3698 etiam
824 3655 864 3700 ex
880 3634 918 3698 iis
931 3633 1138 3718 insequentes
1151 3647 1184 3700 et
1200 3635 1292 3700 tracti
1304 3635 1345 3700 ab

293 3745 374 3824 aliis,
388 3745 424 3809 in
435 3743 551 3810 eudem
564 3744 740 3832 perierunt.
785 3743 880 3810 Tunc
903 3742 1048 3810 videntes
1067 3743 1249 3812 Normanui
1264 3769 1348 3833 opus

291 3878 364 3922 esse
385 3855 519 3922 arcubus
536 3869 571 3922 et
593 3855 725 3942 sagittis,
747 3855 977 3940 comperientes
999 3869 1033 3922 et
1055 3857 1143 3943 quod
1162 3859 1348 3946 sagittantes

323 4126 334 4175 ς
348 4134 380 4173 or,
394 4123 508 4173 according
521 4125 544 4163 to
560 4123 622 4164 other
634 4127 743 4172 accounts,
760 4125 798 4175 My
813 4125 928 4166 Dukedom
940 4125 985 4164 wtll
997 4135 1046 4164 uow
1058 4126 1085 4165 bs
1098 4124 1177 4164 turned
1192 4123 1238 4164 luto
1252 4135 1265 4164 a
1280 4124 1348 4174 lting-

295 4200 347 4240 uom
356 4212 362 4240 ι
375 4199 420 4239 this
428 4198 537 4239 lnvsrsiou
545 4198 609 4238 utute
617 4199 774 4248 armourbeing
781 4200 847 4240 taken
855 4201 926 4250 hythe
934 4201 997 4242 nure
1006 4211 1029 4242 us
1038 4201 1113 4252 ugood
1119 4211 1190 4248 omen,
1198 4201 1270 4242 which
1282 4211 1348 4250 many

293 4275 321 4314 ot
330 4275 391 4315 veak
403 4274 475 4315 ruluds
482 4273 554 4314 would
561 4274 617 4314 have
624 4275 739 4316 construed
747 4275 793 4316 luto
801 4285 814 4314 s
821 4275 870 4317 bad.

321 4351 338 4390 tt
353 4349 478 4397 Fitzosbert
487 4359 511 4390 or
520 4349 665 4391 Fltaorborue.
