<?xml version="1.0" encoding="UTF-8"?>
<!DOCTYPE html PUBLIC "-//W3C//DTD XHTML 1.0 Transitional//EN"
    "http://www.w3.org/TR/xhtml1/DTD/xhtml1-transitional.dtd">
<html xmlns="http://www.w3.org/1999/xhtml" xml:lang="en" lang="en">
 <head>
  <title>
</title>
<meta http-equiv="Content-Type" content="text/html;charset=utf-8" />
  <meta name='ocr-system' content='tesseract 3.04.00' />
  <meta name='ocr-capabilities' content='ocr_page ocr_carea ocr_par ocr_line ocrx_word'/>
</head>
<body>
  <div class='ocr_page' id='page_1' title='image "./chroniconhenric01henrgoog_0149.png"; bbox 0 0 3252 5170; ppageno 0'>
   <div class='ocr_carea' id='block_1_1' title="bbox 806 487 1437 551">
    <p class='ocr_par' dir='ltr' id='par_1_1' title="bbox 806 487 1437 551">
     <span class='ocr_line' id='line_1_1' title="bbox 806 487 1437 551; baseline 0 -1"><span class='ocrx_word' id='word_1_1' title='bbox 806 505 978 551; x_wconf 73' lang='lat' dir='ltr'>rxcnnrrt</span> <span class='ocrx_word' id='word_1_2' title='bbox 1371 487 1437 550; x_wconf 76' lang='lat'>144</span> 
     </span>
    </p>
   </div>
   <div class='ocr_carea' id='block_1_2' title="bbox 378 653 1439 2500">
    <p class='ocr_par' dir='ltr' id='par_1_2' title="bbox 385 653 1435 876">
     <span class='ocr_line' id='line_1_2' title="bbox 425 653 1435 742; baseline -0.002 -20"><span class='ocrx_word' id='word_1_3' title='bbox 425 656 646 724; x_wconf 87' lang='lat' dir='ltr'>Beornwnlfus</span> <span class='ocrx_word' id='word_1_4' title='bbox 661 653 678 720; x_wconf 93' lang='lat'>1</span> <span class='ocrx_word' id='word_1_5' title='bbox 693 678 776 722; x_wconf 83' lang='lat' dir='ltr'>enno</span> <span class='ocrx_word' id='word_1_6' title='bbox 798 678 934 742; x_wconf 79' lang='lat' dir='ltr'>regnum</span> <span class='ocrx_word' id='word_1_7' title='bbox 957 653 1068 732; x_wconf 83' lang='lat' dir='ltr'>tenuit,</span> <span class='ocrx_word' id='word_1_8' title='bbox 1089 665 1121 720; x_wconf 92' lang='lat' dir='ltr'>et</span> <span class='ocrx_word' id='word_1_9' title='bbox 1138 655 1179 720; x_wconf 77' lang='lat' dir='ltr'>ab</span> <span class='ocrx_word' id='word_1_10' title='bbox 1196 655 1338 740; x_wconf 79' lang='lat' dir='ltr'>Egberto</span> <span class='ocrx_word' id='word_1_11' title='bbox 1358 677 1435 741; x_wconf 86' lang='lat' dir='ltr'>rege</span> 
     </span>
     <span class='ocr_line' id='line_1_3' title="bbox 385 767 690 876; baseline 0.016 -45"><span class='ocrx_word' id='word_1_12' title='bbox 385 768 492 834; x_wconf 85' lang='lat' dir='ltr'>vietus</span> <span class='ocrx_word' id='word_1_13' title='bbox 507 767 690 876; x_wconf 53' lang='lat' dir='ltr'>demerffiuit.</span> 
     </span>
    </p>

    <p class='ocr_par' dir='ltr' id='par_1_3' title="bbox 384 874 1437 1070">
     <span class='ocr_line' id='line_1_4' title="bbox 423 874 1437 996; baseline -0.002 -54"><span class='ocrx_word' id='word_1_14' title='bbox 423 877 639 944; x_wconf 88' lang='lat' dir='ltr'>Ludeebenns</span> <span class='ocrx_word' id='word_1_15' title='bbox 666 899 723 944; x_wconf 76' lang='lat' dir='ltr'>rex</span> <span class='ocrx_word' id='word_1_16' title='bbox 749 877 853 962; x_wconf 88' lang='lat' dir='ltr'>primo</span> <span class='ocrx_word' id='word_1_17' title='bbox 868 898 953 996; x_wconf 65' lang='lat' dir='ltr'>enno</span> <span class='ocrx_word' id='word_1_18' title='bbox 978 875 1028 940; x_wconf 84' lang='lat' dir='ltr'>sni</span> <span class='ocrx_word' id='word_1_19' title='bbox 1042 897 1118 942; x_wconf 88' lang='lat' dir='ltr'>cum</span> <span class='ocrx_word' id='word_1_20' title='bbox 1141 874 1324 942; x_wconf 84' lang='lat' dir='ltr'>consulibus</span> <span class='ocrx_word' id='word_1_21' title='bbox 1341 876 1437 959; x_wconf 90' lang='lat' dir='ltr'>qnin-</span> 
     </span>
     <span class='ocr_line' id='line_1_5' title="bbox 384 1003 1093 1070; baseline 0.003 -19"><span class='ocrx_word' id='word_1_22' title='bbox 384 1009 447 1070; x_wconf 89' lang='lat' dir='ltr'>qne</span> <span class='ocrx_word' id='word_1_23' title='bbox 463 1010 528 1054; x_wconf 75' lang='lat' dir='ltr'>suis</span> <span class='ocrx_word' id='word_1_24' title='bbox 543 1009 665 1056; x_wconf 77' lang='lat' dir='ltr'>occisus</span> <span class='ocrx_word' id='word_1_25' title='bbox 681 1003 738 1058; x_wconf 75' lang='lat' dir='ltr'>est-</span> <span class='ocrx_word' id='word_1_26' title='bbox 1087 1047 1093 1064; x_wconf 71' lang='grc'>,</span> 
     </span>
    </p>

    <p class='ocr_par' dir='ltr' id='par_1_4' title="bbox 379 1092 1439 1291">
     <span class='ocr_line' id='line_1_6' title="bbox 424 1092 1439 1182; baseline 0.004 -24"><span class='ocrx_word' id='word_1_27' title='bbox 424 1095 525 1163; x_wconf 75' lang='lat' dir='ltr'>wilaf</span> <span class='ocrx_word' id='word_1_28' title='bbox 544 1098 585 1164; x_wconf 73' lang='lat' dir='ltr'>nb</span> <span class='ocrx_word' id='word_1_29' title='bbox 608 1119 683 1182; x_wconf 85' lang='lat' dir='ltr'>rege</span> <span class='ocrx_word' id='word_1_30' title='bbox 700 1094 946 1182; x_wconf 77' lang='lat' dir='ltr'>Egtrtdovietus</span> <span class='ocrx_word' id='word_1_31' title='bbox 970 1092 1131 1172; x_wconf 75' lang='lat' dir='ltr'>bellende,</span> <span class='ocrx_word' id='word_1_32' title='bbox 1147 1095 1312 1166; x_wconf 77' lang='lat' dir='ltr'>tributarie</span> <span class='ocrx_word' id='word_1_33' title='bbox 1327 1096 1439 1162; x_wconf 88' lang='lat' dir='ltr'>subeo</span> 
     </span>
     <span class='ocr_line' id='line_1_7' title="bbox 379 1205 645 1291; baseline -0.004 -21"><span class='ocrx_word' id='word_1_34' title='bbox 379 1226 515 1291; x_wconf 75' lang='lat' dir='ltr'>regnum</span> <span class='ocrx_word' id='word_1_35' title='bbox 531 1205 645 1272; x_wconf 87' lang='lat' dir='ltr'>tenuit.</span> 
     </span>
    </p>

    <p class='ocr_par' dir='ltr' id='par_1_5' title="bbox 424 1311 1203 1398">
     <span class='ocr_line' id='line_1_8' title="bbox 424 1311 1203 1398; baseline 0 -20"><span class='ocrx_word' id='word_1_36' title='bbox 424 1313 509 1378; x_wconf 87' lang='lat' dir='ltr'>Item</span> <span class='ocrx_word' id='word_1_37' title='bbox 524 1314 634 1396; x_wconf 80' lang='lat' dir='ltr'><strong>paucis</strong></span> <span class='ocrx_word' id='word_1_38' title='bbox 645 1311 816 1379; x_wconf 85' lang='lat' dir='ltr'>dicendum</span> <span class='ocrx_word' id='word_1_39' title='bbox 831 1324 879 1379; x_wconf 85' lang='lat' dir='ltr'>est</span> <span class='ocrx_word' id='word_1_40' title='bbox 894 1311 934 1375; x_wconf 93' lang='lat' dir='ltr'>de</span> <span class='ocrx_word' id='word_1_41' title='bbox 950 1334 1048 1398; x_wconf 79' lang='lat' dir='ltr'>regno</span> <span class='ocrx_word' id='word_1_42' title='bbox 1062 1311 1203 1380; x_wconf 84' lang='lat' dir='ltr'>Merciae.</span> 
     </span>
    </p>

    <p class='ocr_par' dir='ltr' id='par_1_6' title="bbox 379 1423 1431 1622">
     <span class='ocr_line' id='line_1_9' title="bbox 422 1423 1431 1512; baseline -0.001 -21"><span class='ocrx_word' id='word_1_43' title='bbox 422 1425 634 1492; x_wconf 87' lang='lat' dir='ltr'>Brithweldus</span> <span class='ocrx_word' id='word_1_44' title='bbox 650 1448 790 1512; x_wconf 76' lang='lat' dir='ltr'>namque</span> <span class='ocrx_word' id='word_1_45' title='bbox 813 1447 870 1492; x_wconf 81' lang='lat' dir='ltr'>rex</span> <span class='ocrx_word' id='word_1_46' title='bbox 885 1423 1017 1490; x_wconf 85' lang='lat' dir='ltr'>Mereiae</span> <span class='ocrx_word' id='word_1_47' title='bbox 1040 1426 1135 1492; x_wconf 81' lang='lat' dir='ltr'>tertio</span> <span class='ocrx_word' id='word_1_48' title='bbox 1158 1447 1246 1489; x_wconf 84' lang='lat' dir='ltr'>enno</span> <span class='ocrx_word' id='word_1_49' title='bbox 1266 1425 1358 1510; x_wconf 83' lang='lat' dir='ltr'>regni</span> <span class='ocrx_word' id='word_1_50' title='bbox 1378 1425 1431 1496; x_wconf 84' lang='lat' dir='ltr'>sni</span> 
     </span>
     <span class='ocr_line' id='line_1_10' title="bbox 379 1537 729 1622; baseline 0 -22"><span class='ocrx_word' id='word_1_51' title='bbox 379 1537 511 1622; x_wconf 85' lang='lat' dir='ltr'>fugatus</span> <span class='ocrx_word' id='word_1_52' title='bbox 527 1549 574 1602; x_wconf 90' lang='lat' dir='ltr'>est</span> <span class='ocrx_word' id='word_1_53' title='bbox 590 1558 609 1600; x_wconf 80' lang='lat' dir='ltr'><strong>a</strong></span> <span class='ocrx_word' id='word_1_54' title='bbox 623 1537 729 1601; x_wconf 86' lang='lat' dir='ltr'>Dacis.</span> 
     </span>
    </p>

    <p class='ocr_par' dir='ltr' id='par_1_7' title="bbox 378 1644 1437 2500">
     <span class='ocr_line' id='line_1_11' title="bbox 424 1644 1437 1731; baseline -0.004 -19"><span class='ocrx_word' id='word_1_55' title='bbox 424 1646 632 1731; x_wconf 84' lang='lat' dir='ltr'>Burghredus</span> <span class='ocrx_word' id='word_1_56' title='bbox 655 1646 764 1723; x_wconf 87' lang='lat' dir='ltr'>etiarn,</span> <span class='ocrx_word' id='word_1_57' title='bbox 789 1667 888 1729; x_wconf 91' lang='lat' dir='ltr'>qnnm</span> <span class='ocrx_word' id='word_1_58' title='bbox 903 1657 1065 1730; x_wconf 79' lang='lat' dir='ltr'>regnasset</span> <span class='ocrx_word' id='word_1_59' title='bbox 1080 1644 1178 1709; x_wconf 90' lang='lat' dir='ltr'>XXII</span> <span class='ocrx_word' id='word_1_60' title='bbox 1193 1644 1293 1721; x_wconf 67' lang='lat' dir='ltr'>annin</span> <span class='ocrx_word' id='word_1_61' title='bbox 1309 1645 1437 1729; x_wconf 82' lang='lat' dir='ltr'>fugatus</span> 
     </span>
     <span class='ocr_line' id='line_1_12' title="bbox 380 1754 1431 1842; baseline -0.003 -21"><span class='ocrx_word' id='word_1_62' title='bbox 380 1770 429 1822; x_wconf 86' lang='lat' dir='ltr'>est</span> <span class='ocrx_word' id='word_1_63' title='bbox 453 1779 472 1820; x_wconf 85' lang='lat' dir='ltr'>e</span> <span class='ocrx_word' id='word_1_64' title='bbox 495 1779 604 1842; x_wconf 85' lang='lat' dir='ltr'>regno.</span> <span class='ocrx_word' id='word_1_65' title='bbox 648 1757 730 1820; x_wconf 88' lang='lat' dir='ltr'>Daoi</span> <span class='ocrx_word' id='word_1_66' title='bbox 756 1757 854 1841; x_wconf 81' lang='lat' dir='ltr'>igitur</span> <span class='ocrx_word' id='word_1_67' title='bbox 877 1777 1014 1842; x_wconf 83' lang='lat' dir='ltr'>regnum</span> <span class='ocrx_word' id='word_1_68' title='bbox 1040 1754 1120 1818; x_wconf 87' lang='lat' dir='ltr'>illud</span> <span class='ocrx_word' id='word_1_69' title='bbox 1139 1755 1199 1818; x_wconf 83' lang='lat' dir='ltr'>sibi</span> <span class='ocrx_word' id='word_1_70' title='bbox 1214 1755 1431 1840; x_wconf 89' lang='lat' dir='ltr'>conquisitum</span> 
     </span>
     <span class='ocr_line' id='line_1_13' title="bbox 378 1863 1435 1955; baseline -0.002 -25"><span class='ocrx_word' id='word_1_71' title='bbox 378 1865 466 1955; x_wconf 88' lang='lat' dir='ltr'>prius</span> <span class='ocrx_word' id='word_1_72' title='bbox 489 1866 665 1933; x_wconf 82' lang='lat' dir='ltr'>ceolwulfo</span> <span class='ocrx_word' id='word_1_73' title='bbox 691 1867 732 1931; x_wconf 86' lang='lat' dir='ltr'>ad</span> <span class='ocrx_word' id='word_1_74' title='bbox 747 1865 937 1931; x_wconf 84' lang='lat' dir='ltr'>servandum</span> <span class='ocrx_word' id='word_1_75' title='bbox 961 1864 1170 1929; x_wconf 82' lang='lat' dir='ltr'>tradiderunt.</span> <span class='ocrx_word' id='word_1_76' title='bbox 1215 1863 1331 1928; x_wconf 84' lang='lat' dir='ltr'><strong>Postea</strong></span> <span class='ocrx_word' id='word_1_77' title='bbox 1357 1886 1435 1928; x_wconf 89' lang='lat' dir='ltr'>vero</span> 
     </span>
     <span class='ocr_line' id='line_1_14' title="bbox 378 1975 1432 2064; baseline -0.004 -24"><span class='ocrx_word' id='word_1_78' title='bbox 378 1977 439 2041; x_wconf 84' lang='lat' dir='ltr'>sibi</span> <span class='ocrx_word' id='word_1_79' title='bbox 455 1978 576 2042; x_wconf 88' lang='lat' dir='ltr'>minute</span> <span class='ocrx_word' id='word_1_80' title='bbox 603 1977 789 2053; x_wconf 84' lang='lat' dir='ltr'>diviserunt,</span> <span class='ocrx_word' id='word_1_81' title='bbox 816 1977 860 2040; x_wconf 87' lang='lat' dir='ltr'>ita</span> <span class='ocrx_word' id='word_1_82' title='bbox 885 1975 970 2060; x_wconf 81' lang='lat' dir='ltr'>qnod</span> <span class='ocrx_word' id='word_1_83' title='bbox 993 1997 1066 2061; x_wconf 83' lang='lat' dir='ltr'>pars</span> <span class='ocrx_word' id='word_1_84' title='bbox 1081 1975 1190 2060; x_wconf 75' lang='lat' dir='ltr'>petriae</span> <span class='ocrx_word' id='word_1_85' title='bbox 1204 1986 1237 2040; x_wconf 89' lang='lat' dir='ltr'>et</span> <span class='ocrx_word' id='word_1_86' title='bbox 1263 1995 1432 2064; x_wconf 88' lang='lat' dir='ltr'>procerum</span> 
     </span>
     <span class='ocr_line' id='line_1_15' title="bbox 378 2083 1430 2173; baseline -0.004 -21"><span class='ocrx_word' id='word_1_87' title='bbox 378 2087 519 2171; x_wconf 88' lang='lat' dir='ltr'>quinque</span> <span class='ocrx_word' id='word_1_88' title='bbox 535 2099 603 2152; x_wconf 84' lang='lat' dir='ltr'>eret</span> <span class='ocrx_word' id='word_1_89' title='bbox 616 2087 676 2152; x_wconf 87' lang='lat' dir='ltr'>snb</span> <span class='ocrx_word' id='word_1_90' title='bbox 691 2086 816 2173; x_wconf 82' lang='lat' dir='ltr'>regibus</span> <span class='ocrx_word' id='word_1_91' title='bbox 832 2085 1012 2152; x_wconf 83' lang='lat' dir='ltr'>Westsexae.</span> <span class='ocrx_word' id='word_1_92' title='bbox 1058 2083 1249 2154; x_wconf 82' lang='lat' dir='ltr'>Edmundus</span> <span class='ocrx_word' id='word_1_93' title='bbox 1274 2106 1348 2150; x_wconf 84' lang='lat' dir='ltr'>vero</span> <span class='ocrx_word' id='word_1_94' title='bbox 1372 2105 1430 2148; x_wconf 84' lang='lat' dir='ltr'>rex</span> 
     </span>
     <span class='ocr_line' id='line_1_16' title="bbox 385 2193 1435 2282; baseline -0.002 -23"><span class='ocrx_word' id='word_1_95' title='bbox 385 2196 558 2261; x_wconf 84' lang='lat' dir='ltr'>Westsexae</span> <span class='ocrx_word' id='word_1_96' title='bbox 578 2208 681 2262; x_wconf 89' lang='lat' dir='ltr'>totum</span> <span class='ocrx_word' id='word_1_97' title='bbox 704 2196 765 2260; x_wconf 84' lang='lat' dir='ltr'>sibi</span> <span class='ocrx_word' id='word_1_98' title='bbox 784 2196 818 2259; x_wconf 90' lang='lat' dir='ltr'>in</span> <span class='ocrx_word' id='word_1_99' title='bbox 840 2194 1018 2259; x_wconf 89' lang='lat' dir='ltr'>dominium</span> <span class='ocrx_word' id='word_1_100' title='bbox 1043 2193 1194 2262; x_wconf 75' lang='lat' dir='ltr'>subdidit.</span> <span class='ocrx_word' id='word_1_101' title='bbox 1249 2193 1314 2261; x_wconf 86' lang='lat' dir='ltr'>Hie</span> <span class='ocrx_word' id='word_1_102' title='bbox 1336 2195 1435 2282; x_wconf 84' lang='lat' dir='ltr'>igitur</span> 
     </span>
     <span class='ocr_line' id='line_1_17' title="bbox 379 2303 1435 2392; baseline -0.006 -20"><span class='ocrx_word' id='word_1_103' title='bbox 379 2327 517 2392; x_wconf 82' lang='lat' dir='ltr'>reguum</span> <span class='ocrx_word' id='word_1_104' title='bbox 554 2305 686 2374; x_wconf 87' lang='lat' dir='ltr'>Merciae</span> <span class='ocrx_word' id='word_1_105' title='bbox 719 2305 863 2374; x_wconf 88' lang='lat' dir='ltr'>dominio</span> <span class='ocrx_word' id='word_1_106' title='bbox 904 2304 1073 2374; x_wconf 79' lang='lat' dir='ltr'>Westserae</span> <span class='ocrx_word' id='word_1_107' title='bbox 1105 2305 1232 2392; x_wconf 77' lang='lat' dir='ltr'>penitus</span> <span class='ocrx_word' id='word_1_108' title='bbox 1272 2303 1435 2374; x_wconf 84' lang='lat' dir='ltr'>subditum</span> 
     </span>
     <span class='ocr_line' id='line_1_18' title="bbox 385 2415 525 2500; baseline 0.021 -19"><span class='ocrx_word' id='word_1_109' title='bbox 385 2415 525 2500; x_wconf 80' lang='lat' dir='ltr'>explicit.</span> 
     </span>
    </p>
   </div>
   <div class='ocr_carea' id='block_1_3' title="bbox 378 2633 1454 3167">
    <p class='ocr_par' dir='ltr' id='par_1_8' title="bbox 424 2633 1132 2723">
     <span class='ocr_line' id='line_1_19' title="bbox 424 2633 1132 2723; baseline -0.003 -21"><span class='ocrx_word' id='word_1_110' title='bbox 424 2635 500 2702; x_wconf 92' lang='lat' dir='ltr'>VII.</span> <span class='ocrx_word' id='word_1_111' title='bbox 518 2636 625 2723; x_wconf 84' lang='lat' dir='ltr'>Reges</span> <span class='ocrx_word' id='word_1_112' title='bbox 642 2633 812 2700; x_wconf 84' lang='lat' dir='ltr'>Suthsexae·</span> <span class='ocrx_word' id='word_1_113' title='bbox 822 2634 856 2700; x_wconf 92' lang='lat' dir='ltr'>bi</span> <span class='ocrx_word' id='word_1_114' title='bbox 868 2646 943 2702; x_wconf 82' lang='lat' dir='ltr'>sunt</span> <span class='ocrx_word' id='word_1_115' title='bbox 958 2657 997 2702; x_wconf 84' lang='lat' dir='ltr'>ex</span> <span class='ocrx_word' id='word_1_116' title='bbox 1012 2635 1132 2701; x_wconf 84' lang='lat' dir='ltr'>ordine.</span> 
     </span>
    </p>

    <p class='ocr_par' dir='ltr' id='par_1_9' title="bbox 378 2745 1454 3167">
     <span class='ocr_line' id='line_1_20' title="bbox 422 2745 1440 2833; baseline -0.005 -19"><span class='ocrx_word' id='word_1_117' title='bbox 422 2746 507 2814; x_wconf 84' lang='lat' dir='ltr'>AElle</span> <span class='ocrx_word' id='word_1_118' title='bbox 534 2747 665 2833; x_wconf 74' lang='lat' dir='ltr'>primus</span> <span class='ocrx_word' id='word_1_119' title='bbox 713 2745 827 2814; x_wconf 87' lang='lat' dir='ltr'>Seisse.</span> <span class='ocrx_word' id='word_1_120' title='bbox 885 2745 1027 2812; x_wconf 74' lang='lat' dir='ltr'>Caeteros</span> <span class='ocrx_word' id='word_1_121' title='bbox 1061 2747 1251 2833; x_wconf 85' lang='lat' dir='ltr'>scriptorum</span> <span class='ocrx_word' id='word_1_122' title='bbox 1282 2746 1332 2813; x_wconf 90' lang='lat' dir='ltr'>vel</span> <span class='ocrx_word' id='word_1_123' title='bbox 1355 2747 1440 2810; x_wconf 83' lang='lat' dir='ltr'>sema</span> 
     </span>
     <span class='ocr_line' id='line_1_21' title="bbox 378 2856 1436 2945; baseline -0.006 -19"><span class='ocrx_word' id='word_1_124' title='bbox 378 2861 511 2926; x_wconf 81' lang='lat' dir='ltr'>obseura</span> <span class='ocrx_word' id='word_1_125' title='bbox 525 2857 678 2934; x_wconf 83' lang='lat' dir='ltr'>recondit,</span> <span class='ocrx_word' id='word_1_126' title='bbox 696 2869 810 2943; x_wconf 78' lang='lat' dir='ltr'>preter</span> <span class='ocrx_word' id='word_1_127' title='bbox 824 2879 934 2943; x_wconf 77' lang='lat' dir='ltr'>regem</span> <span class='ocrx_word' id='word_1_128' title='bbox 957 2857 1193 2925; x_wconf 84' lang='lat' dir='ltr'>Ethelweldum</span> <span class='ocrx_word' id='word_1_129' title='bbox 1215 2857 1271 2945; x_wconf 83' lang='lat' dir='ltr'>qni</span> <span class='ocrx_word' id='word_1_130' title='bbox 1288 2857 1360 2944; x_wconf 87' lang='lat' dir='ltr'>jnre</span> <span class='ocrx_word' id='word_1_131' title='bbox 1381 2856 1436 2923; x_wconf 82' lang='lat' dir='ltr'>ed-</span> 
     </span>
     <span class='ocr_line' id='line_1_22' title="bbox 378 2966 1454 3058; baseline -0.004 -24"><span class='ocrx_word' id='word_1_132' title='bbox 378 2971 442 3035; x_wconf 90' lang='lat' dir='ltr'>hnc</span> <span class='ocrx_word' id='word_1_133' title='bbox 457 2993 575 3038; x_wconf 88' lang='lat' dir='ltr'>nomen</span> <span class='ocrx_word' id='word_1_134' title='bbox 590 2969 718 3046; x_wconf 81' lang='lat' dir='ltr'>babent,</span> <span class='ocrx_word' id='word_1_135' title='bbox 736 2968 811 3053; x_wconf 87' lang='lat' dir='ltr'>quia</span> <span class='ocrx_word' id='word_1_136' title='bbox 822 2969 944 3055; x_wconf 85' lang='lat' dir='ltr'>primus</span> <span class='ocrx_word' id='word_1_137' title='bbox 964 2969 1082 3034; x_wconf 75' lang='lat' dir='ltr'>Christi</span> <span class='ocrx_word' id='word_1_138' title='bbox 1104 2991 1224 3035; x_wconf 83' lang='lat' dir='ltr'>nomen</span> <span class='ocrx_word' id='word_1_139' title='bbox 1245 2968 1374 3058; x_wconf 71' lang='lat' dir='ltr'>agnovit</span> <span class='ocrx_word' id='word_1_140' title='bbox 1394 2966 1454 3034; x_wconf 88' lang='lat' dir='ltr'>de</span> 
     </span>
     <span class='ocr_line' id='line_1_23' title="bbox 378 3076 1219 3167; baseline -0.001 -23"><span class='ocrx_word' id='word_1_141' title='bbox 378 3080 507 3167; x_wconf 86' lang='lat' dir='ltr'>regibus</span> <span class='ocrx_word' id='word_1_142' title='bbox 524 3078 698 3145; x_wconf 82' lang='lat' dir='ltr'>Suthsexae.</span> <span class='ocrx_word' id='word_1_143' title='bbox 744 3076 787 3142; x_wconf 86' lang='lat' dir='ltr'>Et</span> <span class='ocrx_word' id='word_1_144' title='bbox 803 3078 872 3144; x_wconf 83' lang='lat' dir='ltr'>haee</span> <span class='ocrx_word' id='word_1_145' title='bbox 887 3078 1016 3164; x_wconf 90' lang='lat' dir='ltr'>quidem</span> <span class='ocrx_word' id='word_1_146' title='bbox 1031 3077 1219 3165; x_wconf 82' lang='lat' dir='ltr'>expliciunt.</span> 
     </span>
    </p>
   </div>
   <div class='ocr_carea' id='block_1_4' title="bbox 422 3407 1416 3484">
    <p class='ocr_par' dir='ltr' id='par_1_10' title="bbox 422 3407 1416 3484">
     <span class='ocr_line' id='line_1_24' title="bbox 422 3407 1416 3484; baseline -0.004 -6"><span class='ocrx_word' id='word_1_147' title='bbox 422 3409 478 3478; x_wconf 74' lang='lat' dir='ltr'>Db</span> <span class='ocrx_word' id='word_1_148' title='bbox 493 3429 634 3478; x_wconf 72' lang='lat' dir='ltr'>REGIBUS</span> <span class='ocrx_word' id='word_1_149' title='bbox 650 3431 711 3484; x_wconf 78' lang='lat' dir='ltr'>QUI</span> <span class='ocrx_word' id='word_1_150' title='bbox 729 3430 976 3479; x_wconf 70' lang='lat' dir='ltr'>nnnntvnttnrtr</span> <span class='ocrx_word' id='word_1_151' title='bbox 991 3429 1094 3476; x_wconf 79' lang='lat' dir='ltr'>SUPER</span> <span class='ocrx_word' id='word_1_152' title='bbox 1109 3428 1227 3476; x_wconf 77' lang='lat' dir='ltr'>TO&#39;I&#39;AM</span> <span class='ocrx_word' id='word_1_153' title='bbox 1242 3407 1416 3474; x_wconf 68' lang='lat' dir='ltr'>Annum.</span> 
     </span>
    </p>
   </div>
   <div class='ocr_carea' id='block_1_5' title="bbox 370 3627 1434 4267">
    <p class='ocr_par' dir='ltr' id='par_1_11' title="bbox 377 3627 1434 3806">
     <span class='ocr_line' id='line_1_25' title="bbox 419 3627 1434 3718; baseline -0.008 -18"><span class='ocrx_word' id='word_1_154' title='bbox 419 3631 469 3700; x_wconf 87' lang='lat' dir='ltr'>De</span> <span class='ocrx_word' id='word_1_155' title='bbox 493 3631 630 3718; x_wconf 83' lang='lat' dir='ltr'>regibus,</span> <span class='ocrx_word' id='word_1_156' title='bbox 655 3632 710 3716; x_wconf 89' lang='lat' dir='ltr'>qui</span> <span class='ocrx_word' id='word_1_157' title='bbox 733 3643 979 3717; x_wconf 79' lang='lat' dir='ltr'>regnaverunte</span> <span class='ocrx_word' id='word_1_158' title='bbox 1005 3643 1148 3718; x_wconf 86' lang='lat' dir='ltr'>tempore</span> <span class='ocrx_word' id='word_1_159' title='bbox 1174 3627 1350 3705; x_wconf 86' lang='lat' dir='ltr'>Ethelredi,</span> <span class='ocrx_word' id='word_1_160' title='bbox 1377 3628 1434 3711; x_wconf 91' lang='lat' dir='ltr'>qni</span> 
     </span>
     <span class='ocr_line' id='line_1_26' title="bbox 377 3738 1431 3806; baseline -0.005 0"><span class='ocrx_word' id='word_1_161' title='bbox 377 3740 524 3806; x_wconf 85' lang='lat' dir='ltr'><strong>Emmam</strong></span> <span class='ocrx_word' id='word_1_162' title='bbox 541 3742 632 3806; x_wconf 85' lang='lat' dir='ltr'>duxit</span> <span class='ocrx_word' id='word_1_163' title='bbox 647 3743 681 3806; x_wconf 90' lang='lat' dir='ltr'>in</span> <span class='ocrx_word' id='word_1_164' title='bbox 703 3765 837 3806; x_wconf 88' lang='lat' dir='ltr'>uxorem</span> <span class='ocrx_word' id='word_1_165' title='bbox 845 3742 944 3806; x_wconf 88' lang='lat' dir='ltr'>filiam</span> <span class='ocrx_word' id='word_1_166' title='bbox 959 3743 1085 3806; x_wconf 90' lang='lat' dir='ltr'>comitis</span> <span class='ocrx_word' id='word_1_167' title='bbox 1098 3741 1229 3805; x_wconf 82' lang='lat' dir='ltr'>Ricerdi</span> <span class='ocrx_word' id='word_1_168' title='bbox 1242 3739 1274 3803; x_wconf 89' lang='lat' dir='ltr'>N</span> <span class='ocrx_word' id='word_1_169' title='bbox 1276 3738 1431 3804; x_wconf 84' lang='lat' dir='ltr'>ermanni.</span> 
     </span>
    </p>

    <p class='ocr_par' dir='ltr' id='par_1_12' title="bbox 375 3847 1430 4048">
     <span class='ocr_line' id='line_1_27' title="bbox 418 3847 1430 3938; baseline -0.002 -23"><span class='ocrx_word' id='word_1_170' title='bbox 418 3851 493 3938; x_wconf 85' lang='lat' dir='ltr'>Ipse</span> <span class='ocrx_word' id='word_1_171' title='bbox 517 3853 709 3919; x_wconf 87' lang='lat' dir='ltr'>Ethelredus</span> <span class='ocrx_word' id='word_1_172' title='bbox 734 3854 880 3938; x_wconf 83' lang='lat' dir='ltr'>regnavit</span> <span class='ocrx_word' id='word_1_173' title='bbox 899 3875 995 3938; x_wconf 86' lang='lat' dir='ltr'>super</span> <span class='ocrx_word' id='word_1_174' title='bbox 1017 3852 1180 3921; x_wconf 80' lang='lat' dir='ltr'>universos</span> <span class='ocrx_word' id='word_1_175' title='bbox 1203 3851 1284 3918; x_wconf 85' lang='lat' dir='ltr'>fines</span> <span class='ocrx_word' id='word_1_176' title='bbox 1302 3847 1430 3935; x_wconf 84' lang='lat' dir='ltr'>Angliae</span> 
     </span>
     <span class='ocr_line' id='line_1_28' title="bbox 375 3961 1009 4048; baseline 0.002 -22"><span class='ocrx_word' id='word_1_177' title='bbox 375 3961 545 4027; x_wconf 90' lang='lat' dir='ltr'>XXXVII</span> <span class='ocrx_word' id='word_1_178' title='bbox 559 3964 651 4027; x_wconf 84' lang='lat' dir='ltr'>annis</span> <span class='ocrx_word' id='word_1_179' title='bbox 666 3986 791 4048; x_wconf 88' lang='lat' dir='ltr'>semper</span> <span class='ocrx_word' id='word_1_180' title='bbox 803 3986 877 4027; x_wconf 90' lang='lat' dir='ltr'>cum</span> <span class='ocrx_word' id='word_1_181' title='bbox 891 3962 1009 4027; x_wconf 84' lang='lat' dir='ltr'>labore.</span> 
     </span>
    </p>

    <p class='ocr_par' dir='ltr' id='par_1_13' title="bbox 370 4070 1420 4267">
     <span class='ocr_line' id='line_1_29' title="bbox 402 4070 1420 4161; baseline -0.008 -23"><span class='ocrx_word' id='word_1_182' title='bbox 402 4071 618 4156; x_wconf 57' lang='lat' dir='ltr'>‚Edmundus</span> <span class='ocrx_word' id='word_1_183' title='bbox 630 4073 786 4157; x_wconf 83' lang='lat' dir='ltr'>juvenum</span> <span class='ocrx_word' id='word_1_184' title='bbox 809 4071 1006 4148; x_wconf 85' lang='lat' dir='ltr'>fortissimus,</span> <span class='ocrx_word' id='word_1_185' title='bbox 1025 4070 1175 4161; x_wconf 84' lang='lat' dir='ltr'>regnavit</span> <span class='ocrx_word' id='word_1_186' title='bbox 1189 4091 1255 4134; x_wconf 91' lang='lat' dir='ltr'>uno</span> <span class='ocrx_word' id='word_1_187' title='bbox 1278 4089 1372 4146; x_wconf 84' lang='lat' dir='ltr'>anno,</span> <span class='ocrx_word' id='word_1_188' title='bbox 1387 4077 1420 4130; x_wconf 85' lang='lat' dir='ltr'>et</span> 
     </span>
     <span class='ocr_line' id='line_1_30' title="bbox 370 4181 746 4267; baseline 0.003 -22"><span class='ocrx_word' id='word_1_189' title='bbox 370 4181 549 4267; x_wconf 90' lang='lat' dir='ltr'>proditione</span> <span class='ocrx_word' id='word_1_190' title='bbox 566 4181 671 4246; x_wconf 88' lang='lat' dir='ltr'>occius</span> <span class='ocrx_word' id='word_1_191' title='bbox 687 4194 746 4246; x_wconf 87' lang='lat' dir='ltr'>est.</span> 
     </span>
    </p>
   </div>
   <div class='ocr_carea' id='block_1_6' title="bbox 0 0 1630 5170">
    <p class='ocr_par' dir='ltr' id='par_1_14' title="bbox 0 0 1630 5170">
     <span class='ocr_line' id='line_1_31' title="bbox 0 0 1630 5170; baseline 0 1"><span class='ocrx_word' id='word_1_192' title='bbox 0 0 1630 5170; x_wconf 95' lang='lat' dir='ltr'> </span> 
     </span>
    </p>
   </div>
  </div>
 </body>
</html>
