3212 5206
192 524 218 563 Α.
228 521 254 563 Ι).
266 521 359 570 ott-8⁷⁰]
636 518 816 562 cffltoNIcon.
1220 523 1244 562 33

234 657 328 724 VIII.
353 657 555 738 Ethelherus,
572 658 675 742 quiin
696 657 779 724 bello
801 679 873 724 cum
895 657 1045 745 praedicto
1065 656 1179 724 Penda
1199 659 1239 725 ab

192 771 301 838 Oswio
314 793 389 860 rege
405 784 589 859 peremptus
603 770 762 837 occubuit
808 770 896 836 Huic
911 792 1073 837 successor

233 883 295 949 IX.
320 882 537 950 Ethelwaldus
556 905 692 971 rognum
712 882 862 961 obtinuit,
886 881 973 968 quod
988 882 1119 970 reliquit
1140 884 1242 950 tribus

191 997 264 1062 liliis
277 996 453 1074 Ethelherr,

234 1111 275 1176 X.
300 1109 437 1174 Eadulfo
448 1108 580 1186 scilieet,
589 1120 631 1186 et,
646 1105 709 1173 XI.
725 1105 934 1172 Ethelwoldo.
952 1105 1006 1184 lis,
1018 1105 1098 1172 XII.
1110 1106 1241 1190 Bioma,

188 1235 223 1287 et
237 1220 324 1300 huic,
339 1219 435 1286 XIII.
453 1217 670 1286 Etheldredus
684 1220 841 1286 successit.
888 1219 997 1306 Hujus
1016 1219 1098 1287 lilius
1115 1241 1239 1286 sueces-

188 1355 242 1401 sor
263 1335 325 1401 fuit

231 1447 324 1513 XIV.
346 1446 562 1524 Ethelbertus,
579 1469 674 1532 quem
689 1445 764 1512 Olia
776 1467 834 1510 rex
857 1437 1055 1510 Merciorum
1074 1443 1237 1510 blanditiis

187 1572 334 1624 vocatum
357 1559 460 1643 capite
483 1559 650 1624 truncavit.
705 1555 836 1622 Deinde
864 1556 987 1622 vacavit
1015 1577 1155 1644 regnum
1182 1577 1240 1644 per

186 1692 287 1735 annos
301 1671 465 1757 sexaginta
479 1693 580 1758 usque
596 1670 637 1736 ad
651 1681 797 1734 sanctum
813 1667 1034 1746 Edmundum,

229 1779 304 1846 XV.
329 1781 395 1848 Qui
409 1803 495 1846 anno
509 1781 600 1868 regni
612 1781 663 1845 sui
673 1792 761 1845 sexto
773 1780 901 1844 decimo
912 1781 951 1844 ab
962 1779 1101 1867 Inguare
1113 1802 1239 1866 pagano

188 1892 398 1980 interemptus
412 1905 470 1957 est.
484 1895 498 1975 ΙΙ
545 1890 672 1956 Deinde
692 1891 784 1977 regni
807 1889 895 1958 illius
912 1888 1011 1955 decus
1030 1892 1123 1956 annis
1144 1892 1240 1978 quiu-

187 2002 339 2089 quaginta
353 2015 540 2068 evacuatum
555 2014 602 2067 est
617 2023 716 2088 usquc
732 2001 773 2067 ad

229 2114 319 2179 XVI.
358 2117 610 2201 Gurtrannum§
640 2114 773 2179 Danum
801 2126 835 2180 et
864 2137 1034 2202 paganum,
1057 2137 1153 2201 quem
1181 2138 1238 2182 rex

189 2226 342 2293 Alfredus
361 2227 438 2292 fecit
453 2227 615 2315 baptizari,
636 2241 669 2291 ot
686 2227 794 2292 eidem
813 2241 962 2314 utrasque
983 2230 1140 2294 concessit
1162 2251 1237 2316 pro-

184 2339 321 2414 vincias;
343 2353 377 2402 et
391 2340 535 2426 regnavit
550 2338 670 2404 ibidem
684 2337 776 2404 aunis
790 2338 952 2422 undecim,
968 2339 1088 2405 babens
1102 2361 1238 2427 regnum

184 2450 506 2516 Northanimbrorum
535 2464 569 2516 et
599 2449 813 2516 Orientalium
842 2449 1034 2538 Anglorum.
1078 2450 1238 2518 Asserunt

183 2561 281 2646 aliqui
300 2562 387 2626 bunc
402 2585 469 2627 esse
487 2560 837 2648 Gormundumregem
862 2563 1097 2639 Africanorum,
1118 2564 1173 2648 qui
1194 2563 1236 2630 de

185 2674 351 2750 Hibernia,
367 2697 462 2758 quarn
477 2686 684 2759 oppresserat,
699 2673 833 2738 venitin
844 2671 1006 2759 Angliam.
1052 2672 1177 2740 Habuit
1184 2674 1238 2740 hic

187 2807 400 2850 successorem

227 2895 332 2963 XVII.
360 2897 510 2962 Osricum
525 2895 669 2962 similiter
684 2894 826 2975 Danum,
849 2896 904 2981 qui
923 2898 1067 2984 regnavit
1087 2912 1235 2984 quatuor-

186 3006 290 3072 decim
305 3007 409 3084 annin
424 3021 457 3072 et
478 3007 517 3074 ab
536 3007 652 3093 Anglis
670 3025 852 3095 peremptus
872 3023 930 3075 ost.
976 3011 1143 3078 Proximus
1163 3027 1237 3099 post

183 3142 238 3184 eos
264 3119 330 3184 fuit
359 3117 545 3197 Edwardus,
574 3119 657 3184 filius
686 3119 825 3196 Allredi,
863 3121 919 3204 qui
953 3122 1093 3207 expulsis
1131 3123 1235 3189 Danis

132 3303 134 3308 ,
182 3232 291 3298 ambas
305 3232 484 3318 provincias
498 3255 567 3312 suu,
579 3232 612 3296 id
627 3246 677 3298 est
693 3231 966 3312 West-Saxonico,
989 3234 1107 3321 adjecit
1124 3258 1234 3322 regno.

379 3412 432 3477 De
454 3431 565 3477 necno
588 3412 832 3475 Omuurnmuu
856 3411 1033 3478 Saxonum

227 3549 336 3625 Porm,
366 3571 459 3636 reges
489 3547 703 3614 Orientalium
735 3546 899 3613 Saxonum
928 3548 1177 3617 dominabantur
1198 3552 1235 3619 in

179 3703 1227 3731 Μ

209 3795 218 3840 ΙΙ
234 3793 307 3840 “And,
314 3793 397 3832 formis
404 3793 487 3832 blessed
496 3802 554 3839 man,
563 3791 678 3832 Edmundc
686 3792 757 3832 would
766 3794 804 3830 not
812 3802 876 3842 renye
883 3793 980 3843 ordenye
987 3795 1055 3835 Cristo
1063 3797 1105 3837 and
1112 3795 1145 3836 bia
1152 3797 1233 3848 lawys:

182 3861 220 3900 the
235 3861 306 3899 Dauos
320 3861 424 3899 therefore
438 3866 508 3899 meost
520 3861 602 3908 crucily
615 3861 671 3898 bord
685 3861 736 3909 hym
749 3865 803 3898 ento
815 3870 828 3897 a
841 3863 892 3906 trec,
899 3863 941 3902 and
955 3864 1034 3911 causyd
1047 3865 1099 3913 hym
1112 3869 1134 3906 to
1147 3868 1173 3906 be
1186 3867 1236 3908 shot

179 3932 202 3967 to
222 3929 281 3974 deth,
299 3928 341 3967 and
361 3928 424 3978 lastly
445 3927 525 3978 causyd
537 3928 571 3966 his
584 3929 639 3968 bede
651 3931 673 3967 to
684 3929 711 3967 be
724 3931 818 3976 smyrten
833 3928 888 3968 from
901 3928 936 3968 his
948 3931 1010 3980 body,
1024 3932 1067 3970 and
1079 3935 1137 3972 casto
1156 3945 1235 3984 among

180 3998 218 4036 the
232 3997 310 4044 thycke
322 3993 346 4034 of
358 3996 394 4034 the
408 3995 486 4034 buslres
613 3995 674 4034 Thon
688 3995 738 4043 thoy
751 3995 804 4034 with
816 3998 876 4043 great
888 3996 1021 4046 solempnyte
1034 4000 1109 4048 caryon
1118 4001 1154 4040 the
1167 4003 1235 4051 bodye

179 4066 222 4104 and
234 4065 289 4104 hedo
303 4066 356 4104 unto
371 4062 461 4112 Eglidon
475 4074 499 4102 or
512 4063 621 4112 Eglisdom
629 4073 676 4104 now
690 4063 760 4114 eallyd
773 4066 836 4113 ruynt
849 4063 975 4104 Edmundes
988 4064 1069 4115 Bury.''
1094 4066 1198 4114 Funus,
1212 4077 1236 4116 p.

181 4135 225 4174 16³.

206 4202 217 4252 ς
231 4201 346 4250 Gutbmrn,
361 4201 420 4251 King
433 4199 457 4242 ol
468 4198 583 4246 neumam,
599 4197 668 4238 lethe
680 4208 798 4250 personage
813 4199 864 4240 bere
877 4202 964 4250 meuut;
981 4201 1051 4242 whom
1061 4211 1099 4244 our
1106 4198 1236 4246 chronicler.
