3212 5206
298 486 322 524 52
633 483 759 524 nantuel
775 482 815 523 DE
826 480 973 524 musanus
1188 481 1350 530 [annuali.

303 630 404 683 rostra
418 637 514 681 aurea
527 628 560 681 et
574 616 681 681 velum
692 639 887 704 purpureum
903 616 1084 692 habentem,
1094 615 1349 702 circumgiratam

301 726 422 812 clypeis
436 726 625 813 deauratis.§
654 727 792 791 Adnlfus
815 724 901 790 filius
914 724 1090 790 Baldewini
1115 726 1241 790 comitis
1256 725 1350 790 Flan-

297 837 375 900 driae
386 835 516 900 veniens
528 835 751 902 Abendoniam
763 859 820 922 pro
836 835 1023 922 postulanda
1035 835 1151 900 Edilda
1160 836 1227 921 ejus
1241 856 1348 899 sorore

300 945 434 1032 Hugoni
462 946 529 1030 regi
560 945 710 1026 Francia,
738 945 925 1011 Ethelstano
949 945 1031 1009 mira
1056 966 1188 1009 munera
1220 943 1347 1020 obtulit,

299 1070 439 1120 aromata
453 1055 573 1122 scilicet
588 1070 620 1122 et
641 1056 762 1143 lapides
783 1055 972 1142 smaragdos,
988 1077 1088 1140 equos
1110 1075 1252 1118 cursores
1273 1075 1349 1118 cum

299 1165 455 1252 phaleris3
482 1188 536 1230 vas
545 1167 639 1256 etiam
651 1165 811 1252 quoddam
821 1187 862 1230 ex
873 1164 1033 1252 onychino
1044 1163 1304 1250 pulcherrimum,
1314 1165 1350 1228 in

294 1298 357 1360 quo
366 1277 519 1341 fluctuare
533 1290 664 1362 segetes,
676 1277 853 1362 germinare
869 1276 958 1352 vites,
969 1274 1090 1339 moveri
1101 1274 1248 1338 homines
1256 1273 1347 1338 vide-

296 1398 407 1450 rentur
415 1413 425 1464 3
440 1408 549 1449 ensem
565 1408 690 1470 quoque
707 1385 909 1450 Constantini
925 1385 1038 1469 Magni
1050 1406 1124 1449 cum
1135 1382 1347 1450 clavoDomi-

295 1498 329 1558 ni
345 1499 366 1544 *
382 1495 417 1559 in
435 1493 548 1581 capulo
560 1517 569 1571 3
592 1494 735 1559 lanceam
772 1493 889 1571 Caroli,
904 1493 1056 1558 vexillum
1076 1507 1222 1558 sanctum
1254 1493 1347 1558 Mau·

295 1603 421 1680 ricii;†
456 1602 603 1669 diadema
639 1625 771 1669 aureum
799 1603 958 1690 lapidibus
994 1603 1138 1690 pretiosis
1178 1617 1346 1680 ornatum3

295 1713 480 1800 particulam
499 1715 619 1780 Sancta
638 1715 749 1780 Crucis
768 1714 914 1802 crystallo
937 1713 1102 1792 inclusam,
1118 1727 1152 1777 et
1167 1714 1348 1798 portiuncu-

294 1824 359 1888 lam
374 1825 492 1911 spineae
515 1825 648 1891 Coronae
672 1825 807 1890 Domini
830 1823 944 1889 codem
965 1823 1061 1888 modo
1075 1823 1239 1887 inclusam.
1286 1821 1349 1887 His

292 1932 385 1997 donis
408 1935 727 2019 magnificentissimis
759 1956 816 1998 rex
830 1935 962 2021 gavisus,
981 1955 1047 1997 non
1063 1932 1239 1996 minoribus
1263 1954 1345 2017 pene

294 2041 461 2125 respondit
490 2043 673 2119 beneficiis3
703 2044 760 2128 qui
789 2054 823 2107 et
850 2041 1027 2107 anhelantis
1056 2042 1200 2106 animum
1226 2039 1347 2126 nuptiis

294 2151 408 2214 sororis
422 2150 562 2235 refecitll

340 2259 488 2325 Tandem
503 2261 583 2334 vitae,
599 2261 736 2326 termino
762 2262 897 2350 expleto,
913 2260 1119 2326 Ethelstanus
1140 2261 1226 2348 apud
1243 2260 1346 2325 Glou-

294 2370 440 2434 cestriam
454 2369 540 2433 diem
552 2369 665 2434 clausit
674 2393 758 2434 anno
773 2372 864 2456 regni
873 2372 923 2435 sui
944 2384 1035 2436 sexto
1050 2371 1185 2436 decimo.
1222 2371 1346 2456 Corpus

293 2492 402 2542 tamen
424 2479 523 2565 ipsius
549 2479 590 2543 ad
605 2480 863 2545 Malmesberiam
888 2480 1029 2546 delatum
1052 2495 1150 2548 estet
1175 2483 1234 2546 sub
1257 2482 1346 2546 altari

296 2588 502 2654 tumulatum.

640 2873 695 2938 Dn
718 2873 890 2938 Enuuuno
909 2894 1006 2938 anan.

336 3009 436 3074 Anno
451 3009 585 3074 Domini
600 3018 845 3093 nongentesimo
855 3005 1106 3092 quadragesimo,
1125 3005 1345 3086 Edmundusil

295 3119 392 3183 frater
416 3118 605 3195 Ethelstani,
630 3117 812 3182 adolescens
833 3116 1016 3182 octodecim
1030 3116 1155 3181 circiter
1178 3137 1346 3196 annorum,

291 3229 397 3295 tenuit
429 3251 565 3315 regnum
599 3250 657 3292 sex
688 3228 778 3292 annis
804 3239 838 3292 et
870 3225 1013 3291 dimidio.
1051 3226 1178 3318 ⁴Hujus
1202 3239 1344 3310 tempore

290 3338 537 3404 Northanimbri
562 3352 704 3425 pactum,
721 3337 805 3422 quod
835 3360 910 3402 cum
934 3336 1122 3402 Ethelstano
1145 3337 1344 3422 pepigerant,

316 3591 349 3638 γ’
359 3588 464 3628 lecvlse
472 3588 509 3627 the
517 3587 571 3636 king
578 3587 603 3627 or
609 3587 700 3636 Norwsy
708 3589 757 3636 sent
768 3587 816 3626 him
827 3585 925 3636 agnomy
932 3585 988 3634 ship,
996 3585 1049 3625 with
1059 3585 1119 3634 aput
1127 3586 1194 3632 stern,
1202 3586 1278 3635 purple
1286 3585 1344 3634 salis,

287 3655 331 3694 and
339 3655 376 3693 the
385 3653 440 3692 decli
448 3653 563 3702 garntshed
570 3653 599 3691 ull
609 3652 662 3691 with
669 3652 741 3701 gold.”

746 3716 994 3763 nazaraenum.
1010 3717 1043 3754 10.

315 3786 327 3810 e
341 3785 393 3824 curs
407 3793 481 3824 curvo
495 3784 597 3830 Domrur,
612 3782 627 3821 l.
642 3792 661 3822 e.
675 3792 726 3822 cum
734 3782 798 3821 clavo
807 3783 916 3830 quondam
924 3781 947 3820 tn
956 3782 1022 3821 cruos
1031 3780 1119 3822 Domini
1127 3780 1203 3830 infixo,
1211 3784 1217 3804 ‘
1224 3781 1248 3820 in
1256 3782 1293 3821 the
1302 3781 1344 3821 hilt

294 3851 320 3890 ot
327 3850 397 3890 which
406 3860 449 3888 was
458 3861 500 3889 one
509 3849 576 3888 nithe
585 3848 642 3887 nails
651 3849 722 3888 which
730 3848 828 3887 lastened
837 3848 908 3886 christ
916 3849 940 3886 to
948 3848 985 3887 the
992 3847 1069 3896 cross,’
1094 3857 1144 3897 says
1154 3847 1230 3887 Baiter.

321 3915 333 3958 l
347 3915 402 3954 Who
410 3915 497 3954 became
507 3915 610 3962 Emperor
618 3914 686 3953 nithe
695 3914 791 3953 Romans
801 3914 827 3954 Δ.
835 3914 860 3953 D.
870 3915 915 3952 583.

318 3984 326 4029 l
341 3982 391 4020 Rex
411 3982 553 4021 Athelstanus
566 3981 666 4020 fundavit
679 3981 776 4021 coenobta
794 3983 821 4022 dc
834 3981 934 4021 Midilton
947 3983 969 4021 st
987 3982 1013 4021 de
1033 3980 1202 4028 Mochelnensei,
1222 3981 1343 4020 secundum

288 4049 430 4088 willielmum
437 4049 463 4087 de
472 4047 618 4087 Pontificibus.
646 4048 673 4087 Et
680 4047 802 4096 praecipuus
811 4047 932 4086 benefactor
940 4050 985 4086 erat
991 4046 1086 4086 ecclesiae
1094 4047 1166 4085 Sancti
1174 4045 1236 4085 Pauli
1244 4046 1343 4085 London·

286 4114 352 4154 iensls
361 4116 383 4154 et
390 4113 487 4154 ecelesiae
496 4113 655 4154 Beverlaeensis
663 4116 684 4152 et
691 4112 781 4153 abbatiae
790 4113 816 4153 de
826 4113 985 4160 Malmesburla,
994 4113 1032 4153 ubl
1041 4112 1149 4162 sepelitur.
1166 4113 1231 4154 Roas.
1239 4111 1297 4152 lilst.
1307 4110 1339 4150 97.
