3212 5206
312 546 337 585 ro
644 528 770 587 uenator
785 543 823 586 nu
836 543 982 586 srroarvr
1191 543 1260 593 ran.
1271 543 1361 585 ara-nor.

315 693 372 759 cst;
400 702 472 744 nam
489 701 600 746 eorum
614 703 670 746 rex
688 681 833 749 Gudram
845 685 955 769 (quern
970 681 1198 748 Gurrnundum
1210 681 1361 768 dicimus)

314 815 386 858 cum
403 793 495 858 XXX
510 793 691 880 proceribus
706 809 826 861 etcum
842 793 929 860 omni
945 815 1026 880 pene
1041 792 1160 880 populo
1182 794 1358 880 baptizatus

312 918 370 970 est.
417 903 578 989 Deditque
593 904 623 969 ei
638 903 723 969 idem
744 927 799 970 rex
821 903 972 970 Allredus
990 904 1177 992 provincias,
1195 903 1358 969 Northan-

312 1015 477 1082 iubrorum
503 1015 623 1081 scilicet
648 1031 682 1081 et
707 1014 920 1082 Orientalium
943 1015 1134 1104 Anglorum.
1181 1015 1255 1095 Sed,
1282 1018 1358 1100 quia

310 1149 375 1191 non
392 1127 531 1193 mutabit
544 1127 689 1215 AEthiops
704 1127 819 1215 pellent
837 1151 937 1205 ruam,
947 1127 1035 1194 datas
1060 1129 1119 1193 sibi
1134 1140 1231 1194 terras
1255 1151 1356 1214 quum

310 1238 473 1326 tyrannice
495 1253 657 1304 tractasset
676 1237 823 1304 undecim
845 1239 946 1316 annis,
968 1238 1158 1305 duodecimo
1173 1262 1258 1304 anno
1272 1262 1356 1304 mor-

267 1405 269 1408 .
311 1365 385 1414 tuus
400 1363 457 1426 est,
472 1350 604 1437 posteris
626 1349 765 1436 perfidiae
791 1351 1020 1415 successionem
1044 1350 1237 1438 relinquens,
1253 1351 1355 1416 donec

311 1459 515 1526 Ethelstanus
531 1460 657 1526 Alfrcdi
671 1449 771 1548 nepos
787 1461 827 1526 de
846 1461 1001 1526 Eduardo
1018 1461 1082 1526 lilio
1098 1484 1151 1526 eos
1166 1462 1355 1549 subjugavit,

309 1594 444 1658 regnum
461 1594 558 1637 unum
574 1571 700 1659 Angliae
714 1573 839 1649 faciens,
857 1573 937 1636 sicut
950 1573 1017 1637 haec
1032 1571 1098 1637 dies
1108 1573 1239 1637 invenit.
1286 1573 1355 1639 Cae-

309 1683 368 1747 teri
384 1704 422 1748 ex
441 1683 541 1748 Danis
563 1683 619 1766 qui
638 1682 809 1747 Christiani
829 1705 896 1747 esse
915 1683 1075 1758 nolebant,
1099 1705 1174 1748 cum
1196 1681 1354 1771 chgisto

308 1817 394 1860 mare
410 1798 621 1873 transierunt3
644 1796 701 1860 ubi
715 1818 785 1881 quae
800 1795 883 1862 mala
897 1794 1040 1860 fecerunt
1054 1795 1215 1882 indigenae
1224 1809 1355 1862 norunt.

309 1904 373 1971 Iste
389 1907 539 1973 Alfredus
554 1908 666 1994 genuit
681 1907 884 1988 Edwardum,
903 1925 934 1973 et
956 1906 1178 1986 Ethelardum,
1194 1905 1353 1993 Elflegam

310 2018 505 2083 Marciorum
520 2018 693 2095 dominam,
709 2017 851 2104 Elgivam
869 2042 996 2107 quoque
1018 2019 1305 2098 Sanctimonialem‚
1321 2036 1354 2086 et

310 2129 649 2217 ngridamvirginem.
685 2129 749 2194 Iste
766 2129 1352 2218 AlfredusHundredosetTetingas*

306 2242 464 2319 instituit;
488 2257 523 2307 ut
539 2243 565 2307 si
585 2243 655 2326 quis
676 2241 806 2328 alic'rrjus
826 2241 933 2306 delicti
955 2242 1180 2320 intitularetur,
1196 2242 1237 2307 ad
1260 2244 1353 2309 Hun-

305 2353 440 2418 dredum
455 2353 626 2430 exhiberet,
644 2353 698 2437 qui
713 2375 788 2416 eum
802 2351 965 2417 radiarent
979 2403 1093 2418 ......
1122 2368 1153 2417 et
1169 2356 1223 2438 qui
1245 2354 1353 2441 hujus-

307 2464 395 2530 modi
424 2464 537 2528 vadem
563 2485 629 2527 non
658 2464 820 2549 reperiret,
845 2464 1043 2528 severitatem
1066 2463 1174 2550 legum
1199 2466 1349 2531 horreret.

308 2577 381 2641 Hoc
395 2575 527 2641 consilio
542 2587 661 2641 tantam
677 2585 786 2662 p'acem
803 2589 893 2640 terrae
908 2574 1056 2660 profudit,
1072 2576 1157 2640 utin
1180 2577 1351 2664 quadriviis

306 2687 444 2754 armillas
466 2709 572 2752 aureas
593 2687 743 2770 suspendi
761 2686 889 2772 juberet
899 2710 908 2763 ;
931 2709 991 2750 nec
1006 2700 1074 2752 erat
1091 2686 1213 2771 quiens
1230 2689 1350 2775 arripe·

305 2805 386 2875 ret.†
406 2803 449 2866 Et
460 2823 532 2866 cum
541 2801 575 2864 in
586 2800 747 2888 scripturis
756 2814 939 2873 versaretur,
951 2800 1129 2886 composuit
1138 2799 1242 2878 libros,
1254 2814 1351 2866 trans·

306 2927 433 2976 mutans
447 2934 503 2976 eos
518 2913 552 2975 in
570 2913 704 2997 patriam
723 2911 884 2996 linguam3
908 2911 1003 2976 libros
1023 2911 1151 2988 scilicet,
1167 2913 1222 2999 qui
1246 2913 1351 3000 appel-

277 3059 280 3066 ·
305 3024 411 3088 lantnr
436 3021 589 3098 Onosrus,
605 3022 800 3085 Pasroannn
825 3021 1001 3096 Gannouu,
1020 3022 1133 3086 Gnsra
1153 3027 1349 3089 Auonoaurs
1411 3013 1415 3022 ¹

306 3156 485 3200 sncounnu
501 3133 633 3210 Bonam,
651 3129 803 3197 Bonorum
826 3153 870 3195 nn
889 3131 1160 3218 Cousouarroun,
1177 3147 1210 3200 et
1233 3135 1349 3201 librum

305 3248 468 3335 proprium
486 3267 582 3333 quern
601 3245 702 3332 patria
724 3243 833 3331 lingua
852 3242 1079 3309 Eucurrrrnrou
1097 3244 1146 3309 vcl
1172 3247 1347 3312 Marsuam

306 3360 483 3447 appellavit.
500 3357 688 3424 Psalterium
704 3358 869 3422 transferre
884 3379 1057 3442 aggressu,
1073 3358 1126 3422 vix
1146 3360 1247 3445 prima
1260 3375 1348 3445 parte

305 3472 459 3559 explicato
480 3470 608 3536 vivendi
633 3471 729 3536 finem
757 3469 841 3533 fecit
888 3469 953 3532 Hic
982 3484 1014 3534 ct
1040 3470 1225 3536 mirabiliter
1250 3473 1347 3537 vitam

297 3585 417 3649 duxit:
440 3584 552 3670 viginti
573 3598 708 3667 quatuor
732 3580 825 3645 horas
848 3579 912 3644 diei
935 3591 969 3644 ct
992 3582 1093 3646 noctis
1108 3581 1214 3647 divisit
1229 3584 1263 3646 irr
1286 3597 1349 3649 tres

305 3709 418 3782 partes,
434 3694 620 3768 itascilicet,
636 3706 672 3756 ut
686 3708 758 3756 octo
774 3691 857 3756 horis
871 3702 996 3755 vacaret
1016 3692 1145 3756 lectioni
1162 3707 1195 3758 et
1215 3696 1348 3762 orationi

306 3821 339 3872 et
361 3807 541 3894 scripturam
566 3818 637 3870 octo
658 3804 743 3868 horis
762 3801 839 3878 aliia,
863 3800 1049 3868 intendebat
1080 3805 1121 3868 ad
1138 3827 1229 3893 regnr
1249 3830 1346 3895 nego·

306 3920 349 3985 tia
359 3943 368 3996 ;
379 3934 450 3984 octo
461 3921 556 3984 etiam
567 3917 600 3981 in
612 3915 751 4000 corporis
766 3936 842 3979 cura
857 3915 1016 4001 transegit.
1050 3916 1127 3981 Erat
1142 3918 1298 4003 siquidem
1313 3920 1348 3983 in

303 4030 422 4116 capella
452 4053 509 4095 sua
539 4028 679 4104 candela,
696 4041 728 4092 et
756 4027 974 4106 serviensem
998 4027 1067 4094 haec
1089 4030 1347 4095 committebatur

331 4235 343 4258 ⁴
356 4233 429 4273 Tithln
445 4244 462 4273 s.

331 4311 342 4353 t
360 4309 412 4348 Ttrir
426 4244 534 4356 litonum,
547 4318 561 4347 a
573 4306 660 4355 shlnlng
678 4305 732 4355 light
750 4304 772 4344 lrr
785 4315 798 4344 a
810 4304 863 4344 darlr
876 4314 922 4354 age,
935 4304 972 4344 the
984 4303 1043 4353 prlde
1057 4305 1098 4344 and
1111 4307 1173 4344 boant
1186 4306 1210 4345 ot
1225 4307 1261 4346 the
1274 4308 1346 4346 saxon

305 4385 373 4424 name,
387 4375 424 4416 tho
436 4375 511 4416 mirror
523 4374 548 4415 ot
564 4377 612 4414 true
624 4373 690 4423 glory,
704 4383 747 4412 was
760 4381 783 4412 as
797 4370 892 4411 eminent
904 4371 927 4411 irr
940 4371 1021 4420 private
1034 4371 1067 4412 tor
1079 4372 1112 4412 hir
1126 4373 1183 4422 piety
1196 4374 1237 4413 and
1250 4374 1347 4423 learning
