3252 5170
350 471 374 511 Μ
654 468 782 512 HBNMCI
809 468 848 512 DE
874 467 1020 512 munusve
1216 469 1401 521 [mildo-118⁵.

347 609 492 696 Bayeaus
507 631 515 685 3
540 620 573 672 et
587 607 662 694 igne
677 608 821 695 apposito
846 607 950 673 viliam
966 630 1040 672 cum
1056 606 1195 673 ecclesiis
1210 622 1242 674 et
1257 608 1400 674 aedifieiis

347 719 560 785 incenderunt
567 747 577 799 ;
593 721 759 806 occupavit
768 742 823 785 rex
835 733 934 784 totam
948 719 1084 806 patriam
1094 742 1196 807 usqne
1210 720 1401 786 Cadomum.

351 831 415 898 Sed
440 845 474 898 et
496 833 597 920 ipsam
625 832 755 897 taudem
784 832 945 897 civitatem
974 832 1113 896 obtinuit
1142 854 1201 919 per
1229 832 1399 897 consilium

352 944 518 1031 cujusdam
542 943 674 1009 Roberti
696 943 736 1009 de
768 943 885 1009 Sancto
916 944 1043 1010 Romiae
1072 958 1105 1010 et
1133 969 1191 1033 per
1209 945 1398 1011 seditionem

347 1057 465 1123 civium
498 1056 758 1121 Cadomensium.
803 1056 911 1122 Multa
935 1058 1031 1144 igitur
1053 1056 1180 1135 damna,
1195 1059 1396 1134 vastationes,

344 1168 638 1256 depraedationes,et
649 1168 864 1233 incendiasibi
874 1169 1011 1234 invicem
1025 1190 1082 1234 rex
1091 1182 1124 1234 et
1132 1169 1200 1234 dux
1211 1170 1396 1247 inferentes,

342 1281 411 1367 jam
425 1303 480 1345 sex
491 1302 591 1346 annos
612 1279 859 1366 compleverunt.

391 1391 469 1457 Post
493 1393 554 1458 hoc
568 1404 685 1468 autem,
709 1390 832 1456 obsedit
846 1413 901 1456 rex
916 1404 1058 1488 castrum
1082 1391 1122 1456 de
1150 1391 1396 1478 Tenerchebray

346 1529 441 1595 super
455 1508 605 1574 comitem
620 1506 660 1573 de
677 1506 854 1592 Mortagne.
907 1506 983 1586 Qui,
1010 1507 1123 1573 allecto
1146 1507 1228 1572 duce
1254 1508 1396 1573 Roberto

345 1642 421 1685 cum
440 1621 606 1708 utriusque
621 1621 739 1699 amicis,
765 1619 925 1685 nitebatur
950 1620 1149 1686 obsidionem
1164 1620 1282 1712 tollere.
1331 1619 1396 1686 Sed

347 1731 505 1818 congressi
533 1753 608 1797 cum
646 1732 788 1798 exercitu
820 1733 912 1821 regis,
928 1747 1064 1821 uterque
1094 1735 1176 1818 capti
1214 1745 1299 1812 sunt,
1329 1732 1395 1797 dux

347 1857 380 1908 et
401 1865 517 1922 comes,
538 1856 571 1908 et
592 1843 684 1909 multi
709 1869 837 1911 suorum
858 1846 891 1910 in
917 1846 1025 1933 fugam
1047 1844 1200 1910 conversi.
1224 1843 1267 1908 Et
1292 1844 1398 1909 edicto

345 1955 474 2042 publica
487 1978 549 2042 pax
560 1979 617 2041 per
632 1968 731 2020 totam
745 1958 977 2021 Normanniam
998 1957 1132 2020 clamata
1154 1970 1187 2021 et
1201 1957 1324 2020 firmata
1338 1968 1397 2035 est,

344 2067 403 2132 sub
425 2089 521 2154 poena
550 2066 772 2132 destructionis
801 2080 833 2132 et
863 2067 1077 2132 membrorum
1107 2067 1395 2143 detruncationis.†

345 2181 424 2246 Dux
439 2193 543 2245 autem
556 2192 588 2244 et
603 2202 708 2245 comes
720 2179 808 2245 ducti
824 2193 899 2244 sunt
913 2180 947 2244 in
963 2179 1126 2266 Angliam,
1142 2193 1175 2244 et
1190 2178 1275 2268 apud
1292 2180 1394 2245 Kaer·

345 2293 398 2358 dii
422 2293 617 2369 incarcerati,
629 2282 717 2370 ,anno
741 2275 860 2359 scilicet
885 2291 1019 2356 Domini
1036 2291 1102 2356 MC
1126 2306 1233 2373 sexto;
1257 2293 1312 2357 ubi
1327 2293 1395 2358 dux

344 2419 417 2498 post
430 2406 615 2472 vicesimum
631 2427 750 2469 anuum
767 2405 855 2480 obiit,
872 2415 904 2467 et
920 2402 1006 2490 apud
1020 2403 1229 2468 Glocestriam
1251 2405 1393 2489 sepultus

344 2533 401 2585 est.
426 2519 544 2585 Comes
559 2541 633 2583 vero
647 2539 748 2602 usque
764 2515 805 2581 ad
820 2516 941 2580 obitum
958 2515 1041 2600 regis
1056 2515 1145 2580 vixit.
1169 2515 1235 2582 Qui
1249 2514 1390 2593 tandem,

345 2632 572 2698 consummatis
586 2630 716 2717 triginta
733 2630 873 2716 quinque
889 2629 989 2707 anuiS,
1002 2628 1163 2693 mensibus
1178 2642 1260 2705 octo,
1280 2627 1394 2692 diebus

344 2760 477 2832 septem,
494 2758 661 2832 postquam
676 2741 889 2830 gubernacula
903 2741 993 2828 regui
1009 2740 1157 2828 suscepit,
1173 2739 1261 2806 diem
1281 2739 1394 2805 clausit

343 2857 503 2933 ultimum,
519 2871 552 2922 et
578 2855 664 2944 apud
680 2855 862 2942 Readinges
879 2855 1115 2931 monasterium,
1143 2853 1230 2939 quod
1244 2876 1264 2917 a
1278 2852 1394 2918 sunda·

349 2963 465 3027 mentis
479 2973 706 3037 construxerat,
722 2959 864 3044 sepultus
878 2958 1059 3044 requiescit.

376 3073 441 3139 Hie
458 3072 616 3139 Heuricus
630 3095 697 3149 rex,
713 3094 797 3136 anno
812 3069 1023 3135 coronationis
1037 3092 1102 3134 suae
1123 3067 1291 3148 tricesimo,
1307 3066 1394 3153 apnd

336 3192 510 3259 Doveriam
524 3190 664 3278 expulsis
686 3213 706 3255 a
728 3189 827 3254 veteri
842 3187 975 3253 ecclesia
1000 3186 1160 3252 canonicis
1184 3185 1389 3263 secularibus,

341 3304 476 3371 contulit
490 3300 675 3392 praebendas
690 3302 875 3378 eorundem,
891 3323 964 3365 cum
992 3299 1133 3364 thelonio
1148 3301 1259 3385 portus
1283 3299 1389 3376 maris,

338 3425 502 3492 Willelmo
517 3423 557 3495 de
575 3421 725 3510 Corbeil§
742 3435 819 3488 tunc
836 3419 1071 3507 archiepiscopo
1088 3416 1279 3483 Cantuariae.
1324 3414 1392 3492 Qui

363 3829 376 3874 t
389 3829 410 3870 It
418 3829 438 3869 is
446 3827 528 3878 wonny
537 3826 659 3874 oiremsrk,
665 3825 712 3866 thet
719 3824 756 3865 the
764 3823 855 3873 English
863 3820 983 3872 conqueret}
989 3819 1113 3868 Normandy
1121 3817 1178 3867 iorty
1189 3827 1249 3868 years
1261 3816 1355 3866 exsetly,
1364 3826 1393 3856 on

336 3894 373 3934 the
381 3893 485 3942 ssmedsy
493 3891 560 3931 nithe
568 3901 623 3940 year,
634 3889 689 3929 riter
696 3888 733 3927 the
742 3889 851 3928 Nonnans
858 3887 901 3926 bad
908 3883 1030 3934 conquered
1040 3882 1146 3932 Engisud.
1156 3882 1213 3922 such
1221 3881 1301 3921 arethe
1309 3881 1391 3920 meoiu-

335 3956 392 3996 tiens
408 3957 433 3996 ei
442 3956 534 4002 fortune,
549 3955 592 3994 and
602 3965 625 3994 so
639 3953 738 3993 unstable
755 3962 791 3992 are
804 3951 834 3990 sil
844 3951 960 3998 subintrary
968 3949 1055 3997 things,
1077 3947 1119 3987 and
1134 3947 1171 3986 the
1183 3946 1306 3995 high-born,
1318 3943 1393 3992 highly

335 4019 403 4070 gisseri
420 4021 504 4066 iiobert,
520 4019 556 4058 the
570 4019 607 4068 joy
618 4018 660 4058 and
676 4017 736 4067 pride
749 4016 775 4054 oi
791 4016 902 4065 Europaeo
919 4013 1021 4063 ehivalry,
1039 4013 1126 4051 became
1136 4011 1175 4050 the
1198 4019 1259 4050 scom
1274 4007 1316 4048 end
1335 4007 1393 4056 dupe

335 4088 465 4128 oiFortune.

361 4157 372 4202 1
385 4155 506 4194 willelmus
516 4154 610 4204 corboyl,
620 4152 748 4193 virexmiiae
757 4151 873 4201 religionis,
886 4149 1001 4190 canonieus
1016 4151 1038 4187 et
1043 4147 1100 4196 prior
1113 4147 1133 4186 8.
1142 4145 1224 4185 osithte
1241 4144 1266 4183 de
1277 4142 1333 4191 citt,
1348 4141 1394 4192 psi-

332 4220 389 4262 lium
403 4221 663 4272 scsiixtopepeaecspit.
678 4214 1166 4269 uuilegarus‚postnoneiiiumgeneralespud
1179 4210 1394 4253 westmonasterium

334 4287 362 4326 ⁸b
377 4286 416 4326 illo
430 4285 567 4333 celebratum,
585 4285 681 4325 omnium
700 4284 847 4334 episcoporum
868 4285 889 4321 et
902 4282 1002 4320 abbatum
1020 4278 1112 4326 Anglioe,
1126 4287 1164 4326 pro
1187 4276 1281 4315 utilitate
1297 4273 1392 4314 ecclesi:

337 4357 463 4407 Amiterna
472 4352 647 4395 cantuariensem
653 4350 765 4392 ecelesiam
773 4347 887 4395 dedicavit,
899 4348 947 4396 post
960 4343 1084 4385 horribilem
1095 4340 1273 4388 combustionem,
1280 4337 1392 4390 praesecti-
