3252 5170
635 553 854 598 nouortrunss.
1205 537 1267 600 117

254 708 328 770 818.
374 702 575 768 Brancardus
584 703 777 768 Francorum
785 703 917 790 judicio,
928 716 1104 770 excaecatus
1114 705 1248 769 moritur
1261 753 1268 770 .

210 816 409 882 Hludovicus
424 815 600 902 Imperator
613 817 811 880 Britanniam
822 817 1022 886 cismarinam
1033 815 1116 880 bello
1132 829 1270 900 petens,-

211 928 417 992 Mormanum
434 949 543 992 eorum
560 926 900 1013 tyrannuminterfieit.
947 925 1081 1011 Eclipsis
1090 925 1163 989 solis
1177 925 1261 989 facta

209 1036 296 1101 VIII
310 1037 353 1102 id.
366 1037 477 1121 Julian
491 1035 742 1123 —Irmingardis
765 1035 893 1122 Regina
916 1034 1053 1100 decessit
1067 1057 1144 1100 non.
1161 1034 1260 1100 Octo·

212 1147 308 1234 bris.§

256 1261 329 1324 819.
378 1256 501 1322 Contra
516 1255 742 1322 Liudervicum
760 1256 909 1323 Sclavum
923 1256 957 1319 in
972 1255 1140 1320 Pannonia
1154 1255 1254 1320 rebel·

211 1368 332 1432 lantem
346 1368 501 1433 exercitus
515 1367 556 1432 de
572 1365 664 1432 Italia
678 1368 801 1433 missus.
845 1366 1002 1453 Pippinus
1023 1365 1108 1431 filius
1122 1366 1257 1453 impera-

212 1478 289 1542 toris
306 1476 476 1543 Wascones
484 1478 561 1544 vicit
572 1500 608 1542 ac
617 1477 943 1565 subegit-Sclaomir
953 1476 1021 1541 dux
1031 1476 1259 1542 Abodritorum

212 1588 247 1652 in
261 1588 396 1654 exilium
410 1589 558 1654 mittitur.
1031 1647 1037 1654 .

256 1703 332 1764 820.
377 1699 458 1764 Tres
472 1698 628 1763 exercitus
643 1697 684 1762 de
703 1697 843 1774 Francia,
860 1697 996 1762 Saxonis
1011 1709 1108 1780 atque
1123 1695 1215 1763 Italia
1229 1696 1264 1759 in

212 1809 414 1877 Pannoniam
424 1821 536 1898 contra
547 1806 770 1872 Liudewicum
781 1807 868 1871 missi
880 1858 886 1871 .
900 1857 907 1872 .
921 1809 1056 1892 Propter
1067 1804 1266 1870 nimietatem

214 1920 392 2008 pluviarum
408 1941 462 1982 aer
476 1923 641 2003 corruptus
656 1929 689 1980 et
708 1917 807 1981 fames
825 1915 937 1981 valida.
950 1966 958 1981 .
973 1966 981 1980 .
994 1966 1001 1980 .
1014 1915 1161 1981 Deiectio
1181 1914 1267 1980 lunas

213 2031 296 2096 sacta
309 2028 396 2094 VIII
410 2028 471 2093 kal.
488 2028 708 2101 Decembris.†

256 2146 330 2205 821.
375 2139 574 2206 Hludovicus
585 2139 757 2222 imperator
768 2135 960 2222 Noviomagi
970 2135 1158 2200 divisionem
1168 2136 1264 2222 regni

214 2252 289 2317 facit
302 2252 384 2316 inter
398 2250 479 2314 filios
493 2271 583 2314 suos:
607 2247 725 2312 deinde
740 2249 774 2311 in
789 2247 865 2312 villa
879 2245 1065 2311 Theodonis
1080 2268 1154 2310 omn
1162 2268 1197 2309 es
1211 2245 1266 2329 qui

215 2385 273 2427 suo
289 2374 429 2448 tempore
445 2361 479 2424 in
494 2359 626 2424 exilium
640 2358 727 2424 missi
744 2359 873 2423 fuerunt
888 2358 1056 2434 revocavit,
1074 2368 1107 2420 et
1121 2357 1156 2420 in
1170 2379 1264 2421 suum

214 2485 332 2537 statum
341 2471 487 2536 restituit.
532 2469 697 2536 Hlotarius
708 2469 792 2535 filius
804 2470 874 2556 ejus
885 2492 1019 2535 uxorem
1030 2467 1122 2532 duxit
1133 2479 1165 2533 et
1173 2466 1260 2552 apud

217 2581 425 2646 Wormatiam
439 2580 602 2644 hiemavit.

261 2697 336 2756 822.
382 2690 584 2755 Hludovicus
613 2691 784 2774 imperator
813 2687 1013 2753 sacerdotum
1034 2709 1110 2750 usus
1132 2685 1268 2750 concilio

215 2802 257 2868 de
273 2802 431 2878 omnibus,
453 2823 525 2886 quae
544 2800 671 2886 publice
689 2822 855 2888 perperam
865 2799 972 2886 gessit,
984 2797 1144 2883 publicam
1165 2799 1271 2883 poeni·

215 2913 348 2978 tentiam
363 2914 483 2999 egit-
492 2911 569 2977 Post
583 2911 652 2977 haec
668 2923 783 2977 cuncta
799 2933 871 2995 quae
884 2932 984 2993 regno
999 2931 1057 2973 suo
1077 2905 1266 2992 corrigenda

213 3023 356 3088 invenire
372 3022 477 3109 potuit
491 3023 646 3108 corrigere
658 3035 752 3107 atque
773 3020 943 3085 emendare
957 3019 1141 3084 curavit-
1153 3016 1269 3080 Hlota·

215 3135 282 3199 rius
297 3134 331 3198 in
346 3134 472 3199 Italiam
486 3137 608 3198 missus.
653 3133 788 3220 Pipinus
810 3131 906 3196 frater
925 3131 994 3216 ejus
1016 3141 1049 3193 et
1068 3129 1146 3215 ipse,
1162 3149 1262 3192 uxore

218 3245 324 3322 ducta,
340 3245 374 3308 in
391 3243 598 3329 Aquitaniam
614 3243 739 3308 missus.

260 3359 335 3421 823.
382 3354 546 3419 Hlotarius
564 3354 701 3439 juvenis,
716 3364 827 3417 orante
849 3349 1001 3416 Paschale
1021 3371 1112 3436 papa,
1129 3349 1266 3412 Romam

217 3467 350 3532 veniens
374 3466 415 3530 ab
437 3487 476 3529 eo
498 3451 677 3540 coronatur,
692 3475 726 3528 et
749 3485 767 3527 a
790 3461 908 3549 populo
931 3460 1079 3524 Romano
1102 3458 1274 3543 imperator

220 3576 405 3664 appellatur.

262 3685 466 3751 Liudewicus
495 3685 529 3749 in
559 3683 721 3750 Dalmatia
750 3685 789 3748 ab
818 3681 962 3748 hostibus
983 3679 1048 3744 suis
1070 3675 1268 3743 interficitur.

219 3797 324 3866 Roma
338 3795 523 3861 Theodorus
535 3841 616 3861 ......
637 3785 748 3860 etLeo
768 3793 899 3868 nomine
1006 3788 1185 3876 patriarcho
1206 3786 1271 3851 La-

220 3907 379 3974 teranensi
394 3891 621 3985 occidunturif

425 4156 434 4202 ΙΙ
450 4154 501 4203 July
510 4156 529 4194 8.
683 4153 694 4199 t
709 4150 754 4190 Oct.
766 4149 785 4190 7.
939 4149 949 4190 t
964 4147 1020 4186 Nov.
1030 4147 1064 4184 ts.

247 4231 262 4270 t
277 4230 340 4270 From
348 4230 393 4271 this
401 4230 461 4280 point
469 4229 559 4278 nothing
568 4237 641 4270 oroma
657 4228 697 4268 but
711 4227 819 4273 numbers,
832 4224 868 4264 till
884 4223 921 4263 me
936 4232 984 4272 year
999 4223 1042 4270 856,
1058 4219 1128 4260 where
1143 4220 1180 4260 the
1194 4219 1274 4260 chron-

223 4304 263 4348 icla
272 4306 332 4346 cuda.
