3212 5206
310 494 338 531 60
659 493 785 535 hartmot
800 493 840 535 DE
852 494 999 536 susurru
1239 497 1275 546 [A.
1284 496 1310 537 D.
1319 499 1363 538 971.

304 628 456 712 jumento
485 625 571 692 idem
602 649 692 693 casus
722 631 922 713 sequebatur.
969 629 1134 696 Intellexit
1156 631 1263 717 igitur,
1286 633 1361 700 lieet

305 736 403 813 tarde,
420 737 497 820 quid
508 738 569 802 hoc
579 739 794 823 portenderet.
838 741 1041 828 Quapropter
1056 741 1142 826 quod
1157 765 1215 828 per
1233 766 1267 808 se
1293 766 1359 809 non

305 848 419 931 potuit,
443 871 499 936 per
522 850 621 914 alium
642 851 711 916 fieri
731 854 900 930 consensit,
929 874 1069 939 namque
1092 852 1233 918 Allerius
1251 857 1307 938 qui
1325 856 1358 919 in

305 958 413 1022 multis
423 959 513 1024 malis
522 961 701 1026 incentivos
711 977 787 1040 erat,
797 962 853 1026 sed
863 943 940 1027 tuhc
951 963 1111 1046 poenitens
1125 964 1225 1028 multo
1235 966 1358 1050 gemitu

307 1069 450 1133 animum
472 1093 601 1157 angens,
614 1093 744 1156 corpore
759 1071 800 1136 de
813 1072 944 1157 ignobili
958 1071 1029 1136 loco
1045 1071 1158 1152 levato,
1174 1072 1360 1158 Septoniam

306 1179 475 1256 transtulit,
492 1192 524 1243 et
539 1180 670 1244 honeste
681 1180 800 1246 ibidem
810 1181 962 1246 condidit.
989 1181 1060 1246 Nec
1075 1195 1180 1248 tamen
1202 1184 1280 1247 iram
1295 1183 1360 1248 Dei

307 1289 439 1375 effugit3
471 1289 528 1354 sed
557 1304 629 1377 post
658 1314 777 1357 annum
805 1307 1011 1379 consumptus
1039 1317 1058 1358 a
1084 1295 1257 1373 vermibus,
1274 1318 1353 1379 quos

304 1399 467 1484 pediculos
500 1400 644 1477 dicimus,
663 1403 833 1488 expiravit:
858 1404 913 1467 sed
937 1403 1061 1468 Ellleda
1084 1404 1124 1468 de
1146 1405 1247 1492 regali
1273 1406 1352 1471 solio

304 1511 467 1590 inclinata,
482 1512 550 1577 dire
565 1514 737 1597 poenituit;
761 1514 868 1578 multis
890 1517 982 1580 aunis
1005 1516 1091 1602 apud
1102 1517 1303 1582 Werwellaru
1319 1520 1354 1582 in

305 1621 408 1687 cilicio
420 1624 601 1705 convoluta,
610 1639 643 1689 et
656 1647 787 1710 quaeque
799 1625 880 1690 dura
894 1615 1018 1712 corpori
1029 1617 1192 1705 adhibens
1205 1628 1249 1692 sic
1259 1629 1355 1692 vitam

305 1734 450 1800 deduxit.

629 1847 685 1912 Du
706 1847 916 1912 Ernunauno
932 1870 1028 1914 nuos.

345 1958 443 2021 Anno
452 1956 585 2021 Domini
601 1959 843 2044 nongentesimo
859 1959 1091 2044 septuagesimo
1101 1982 1196 2036 nono,
1208 1958 1353 2025 Ethelre.

302 2064 372 2142 dus,
395 2066 480 2130 filius
510 2067 631 2150 Edgari
660 2081 693 2131 et
722 2068 865 2145 Elfledae,
894 2075 1030 2154 regnum
1058 2070 1201 2154 adeptus
1232 2071 1357 2136 obsedit

302 2177 407 2260 potius
429 2199 524 2261 quam
547 2177 630 2242 rexit
653 2178 783 2264 triginta
805 2191 837 2242 ct
859 2191 980 2262 septem
1004 2157 1103 2243 aunis.
1165 2180 1244 2264 Ejus
1274 2183 1350 2246 vitae

302 2307 421 2363 cursuri,
437 2309 538 2352 saevus
552 2287 585 2352 in
601 2287 767 2373 principio,
784 2289 877 2351 miser
892 2288 926 2351 in
942 2288 1058 2364 medio,
1077 2291 1175 2372 turpis
1202 2290 1235 2352 in
1260 2291 1352 2354 exitu

304 2397 461 2461 asseritur.
485 2398 669 2482 Ignaviamll
702 2398 800 2482 ipsius
828 2397 1019 2483 praedixerat
1048 2401 1244 2478 Dunstanus,
1270 2400 1357 2466 foedo

302 2505 451 2592 exemplo
466 2505 648 2571 admonitus
662 2531 671 2582 ;
695 2530 770 2572 nam
783 2531 881 2593 quum
894 2508 1043 2594 parvulus
1055 2510 1088 2572 in
1103 2510 1191 2573 fonte
1202 2511 1352 2595 baptismi

297 2630 504 2703 mergeretur,
520 2619 638 2682 ventris
653 2619 807 2704 profluvio
837 2632 1034 2684 sacramenta
1055 2621 1192 2684 violarit.
1241 2622 1348 2686 Quare

298 2727 352 2792 ille
369 2729 522 2808 turbatus,
539 2728 623 2792 “Per
635 2729 764 2793 Deum”
781 2730 960 2814 iuquit,“et
974 2742 1108 2794 matrem
1132 2732 1200 2816 ejus
1216 2731 1347 2816 ignavus

299 2840 397 2905 homo
411 2841 472 2905 erit
485 2841 575 2904 iste.”
588 2842 651 2905 Hic
667 2843 764 2906 etiam
780 2864 878 2924 quum
890 2854 971 2904 esset
983 2840 1144 2917 decennis,
1161 2840 1295 2905 audiens
1307 2840 1352 2906 de

301 2963 402 3014 morte
417 2950 519 3014 fratris
535 2951 584 3014 sui
595 2950 745 3014 Edwardi
765 2953 862 3033 coepit
881 2952 957 3012 flere
973 2973 1090 3034 magno
1106 2951 1193 3013 fletu.
1252 2951 1351 3015 Unde

297 3072 400 3124 mater
415 3061 445 3123 el
467 3060 574 3123 furens
597 3072 630 3123 et
649 3059 689 3123 ad
718 3081 846 3123 manum
862 3057 1023 3146 flagellum
1057 3081 1122 3129 non
1144 3059 1274 3136 habens,
1307 3063 1352 3126 ita

297 3172 374 3236 eum
390 3171 530 3235 candelis
548 3171 679 3256 arreptis
690 3169 874 3249 verberavit,
887 3185 923 3234 ut
932 3193 1013 3256 pene
1023 3169 1170 3254 spiritum
1182 3170 1352 3236 exhalaret.

300 3282 409 3358 Quare
439 3283 505 3367 ipse
528 3281 677 3346 candelas
699 3281 881 3359 abhorrens,
903 3281 938 3345 in
966 3293 1032 3345 tota
1052 3282 1116 3345 vita
1138 3304 1195 3346 sua
1214 3305 1280 3348 non
1301 3295 1351 3346 est

297 3417 407 3479 passus
422 3385 474 3460 eas
490 3393 622 3459 accendi
633 3416 738 3458 coram
751 3417 795 3458 se.

341 3506 536 3571 Procurante
552 3520 651 3571 matre
666 3505 834 3592 postmodo
859 3516 1025 3570 coronatus
1040 3515 1088 3567 cst
1104 3505 1230 3568 abeato
1245 3505 1355 3568 Duns-

297 3630 382 3692 tan0,
399 3617 455 3701 qui
478 3617 507 3679 ei
524 3615 597 3679 talia
625 3616 819 3700 praedixit„“
834 3613 920 3688 Quia
941 3635 1000 3700 per
1018 3627 1153 3678 mortem
1175 3613 1278 3678 fratris
1298 3613 1346 3678 tui

295 3727 439 3810 aspirasti
468 3725 509 3789 ad
524 3747 668 3811 regnum,
698 3739 865 3811 propterea
895 3725 971 3789 audi
1000 3726 1149 3802 verbum3
1179 3725 1240 3788 hoc
1271 3724 1351 3790 dicit

296 3837 456 3900 Dominus
479 3837 591 3901 Deus:
640 3836 718 3900 Non
742 3835 899 3901 delebitur
932 3849 1100 3920 peccatum
1131 3835 1350 3920 ignominiosae

295 3980 375 4028 empty.
401 3977 447 4018 The
455 3977 537 4025 earthly
543 3977 661 4016 homicidas
667 3975 739 4016 would
746 3975 800 4024 urps
809 3976 848 4015 out
855 3974 890 4014 his
896 3983 992 4023 mamory
998 3974 1054 4014 from
1063 3974 1099 4013 the
1104 3973 1178 4020 earth3
1191 3974 1230 4013 but
1237 3974 1352 4013 theanen.

294 4055 332 4094 ger
344 4046 412 4084 above
420 4043 459 4082 has
469 4043 544 4091 spread
552 4043 586 4081 his
597 4051 694 4092 memory
701 4041 779 4082 abroad
792 4040 815 4080 in
824 4041 907 4080 heaven
915 4040 959 4080 aud
966 4039 989 4078 in
997 4039 1065 4079 earth.
1092 4039 1163 4078 Thous
1171 4038 1219 4078 who
1228 4038 1300 4079 would
1312 4043 1351 4078 not

295 4112 368 4151 before
375 4111 422 4150 bow
431 4112 454 4148 to
462 4109 497 4148 his
505 4107 647 4158 1111111111,
655 4118 704 4149 uow
710 4109 757 4149 bow
765 4117 792 4147 ou
801 4107 857 4148 their
864 4107 931 4147 kuees
940 4109 963 4146 to
971 4105 1005 4145 his
1013 4104 1067 4144 dead
1075 4102 1162 4144 boner.”

321 4185 331 4232 Ι
346 4183 386 4225 His
395 4183 574 4224 vorthlcuuers.
