3212 5206
312 558 337 597 tt
670 558 796 598 nantuel
811 558 850 598 DE
864 556 1011 598 SILGRAVE
1102 597 1106 602 ,
1153 559 1189 607 [A.
1203 557 1230 596 1).
1247 556 1362 664 loti-110⁴).

274 675 276 682 ,
313 717 378 772 eus,
393 693 449 758 diu
464 692 595 759 viriliter
609 715 643 758 se
658 692 820 771 defendit3
843 695 900 759 sed
923 693 1051 760 tandem
1071 715 1181 779 passus
1196 694 1363 778 penuriam

313 818 417 890 potus,
443 801 607 869 mandavit
624 803 698 869 duci
717 817 753 869 ut
776 818 888 888 potum
912 803 1061 868 mitteret.
1108 803 1183 879 Qui,
1214 803 1272 866 viri
1287 817 1365 866 stre·

313 916 436 980 unitate
451 935 488 979 ae
496 913 706 1000 generositate
717 915 826 991 vietus,
837 914 996 999 optimum
1006 914 1037 978 ei
1052 913 1118 977 vini
1129 912 1251 978 dolium
1268 913 1362 987 misit,

312 1027 487 1112 iusuperet
500 1025 590 1112 genti
615 1047 681 1090 snae
699 1024 859 1090 licentiam
881 1024 977 1103 dedit,
1005 1038 1041 1090 ut
1064 1047 1122 1112 per
1147 1038 1251 1089 totum
1276 1023 1361 1087 diem

226 1122 230 1134 ⁶
314 1137 437 1223 integre
453 1157 567 1222 aquam
595 1135 758 1202 haurirent
768 1136 952 1220 ubicunque
968 1135 1097 1212 vellent,
1113 1148 1146 1200 et
1161 1136 1194 1199 in
1220 1149 1364 1199 montem

314 1271 424 1314 secum
439 1248 610 1314 deferrent.
656 1245 754 1311 Unde
767 1260 873 1312 tamen
889 1247 1055 1311 rexiratut
1070 1246 1217 1311 recedere
1227 1245 1364 1323 volebat,

286 1377 289 1385 ·
313 1358 455 1444 eoquod
478 1357 546 1423 dux
568 1357 712 1422 hostibus
728 1357 791 1422 suis
807 1357 982 1421 necessaria
1005 1357 1205 1435 ministraret,
1227 1354 1363 1420 sedtum

313 1471 371 1535 diu
385 1469 536 1535 detentus
549 1483 607 1546 est,
629 1467 732 1532 donec
752 1490 814 1553 pax
829 1469 913 1532 inter
932 1467 1048 1532 ducem
1066 1482 1099 1533 et
1123 1467 1300 1532 Henricum
1315 1487 1365 1531 re·

313 1581 510 1657 formaretur,
538 1579 584 1643 ita
608 1577 695 1663 quod
720 1577 862 1643 Henrico
887 1577 1074 1642 redderetur
1101 1576 1362 1654 Constantinum,

314 1693 418 1755 donec
433 1690 460 1753 ei
476 1690 614 1775 pecunia
628 1689 780 1776 praedicta
793 1688 976 1754 solveretur.
1024 1688 1177 1775 Sequenti
1193 1711 1268 1754 vero
1283 1702 1363 1753 tem·

316 1823 393 1888 pore
409 1799 543 1866 audiens
566 1799 632 1865 dux
653 1801 815 1866 Robertus
836 1822 985 1886 magnam
995 1801 1170 1865 motionem
1184 1799 1219 1863 in
1231 1799 1361 1864 Terram

315 1914 476 1989 Sanctam,
491 1923 605 1976 mutuo
620 1911 705 1995 cepit
718 1933 737 1974 a
748 1909 907 1974 Willelmo
918 1909 1012 1974 fratre
1027 1933 1086 1975 suo
1101 1909 1259 1974 infinitam
1269 1931 1366 1996 pecu-

314 2021 401 2084 niam
443 2033 476 2084 et
505 2018 683 2083 invadiavit
711 2020 743 2083 ei
773 2018 1007 2083 Normanniam
1037 2033 1070 2083 et
1099 2019 1363 2084 cenomanniam.

312 2131 357 2194 Et
372 2129 577 2194 transfretans
591 2128 736 2193 interfuit
750 2128 889 2212 captioni
905 2127 1087 2194 Antiochiae
1095 2142 1128 2192 et
1143 2127 1165 2192 J
1167 2128 1360 2214 erosolymae,

313 2240 370 2307 ubi
386 2253 507 2306 tantam
532 2239 674 2304 exercuit
697 2237 956 2322 militiam,quod
978 2261 1044 2302 nou
1068 2252 1135 2303 erat
1157 2238 1270 2323 aliquia
1285 2240 1367 2304 aesti-

313 2350 449 2416 mandus
461 2349 502 2415 ad
516 2351 630 2436 ipsum.
676 2349 850 2415 Prostravit
874 2348 1086 2413 Standardum
1110 2349 1319 2426 Cerberanni,
1335 2364 1367 2414 et

313 2458 466 2525 vexillum
480 2459 589 2546 ipsius,
606 2459 692 2545 quod
707 2458 969 2544 pretiosissimum
985 2471 1062 2536 erat,
1078 2458 1195 2524 detuiit
1209 2459 1250 2523 ad
1265 2459 1364 2524 eecle-

314 2572 392 2636 siam
409 2569 553 2647 Cadomi,
570 2592 665 2656 quam
680 2584 784 2636 mater
799 2572 868 2658 ejus
882 2569 1101 2654 fundaverat.‡

347 2682 524 2760 Interhaec,
542 2681 627 2747 Elias
641 2681 756 2747 furtive
771 2683 886 2770 irrupit
895 2683 928 2746 in
942 2681 1175 2747 Cenomaniam
1187 2695 1220 2747 et
1230 2682 1366 2746 munivit

313 2813 395 2858 eam.
413 2791 552 2880 Ceperat
563 2806 671 2858 autem
683 2793 805 2858 dudum
816 2793 880 2858 dux
892 2791 1068 2858 Willelmus
1077 2793 1246 2858 Bastardus
1261 2792 1367 2858 Ceno·

313 2904 487 2979 manniam,
503 2917 536 2968 et
550 2926 608 2990 pro
620 2926 698 2989 pace
714 2903 871 2968 firmanda
898 2904 995 2968 filiam
1020 2893 1167 2982 Haberti,
1193 2905 1247 2988 qui
1263 2904 1366 2968 fuerat

314 3015 464 3078 dominus
480 3015 716 3091 Cenomanniae,
727 3013 858 3077 dederat
872 3013 1014 3077 Roberto
1029 3013 1094 3077 filio
1109 3036 1176 3092 suc,
1194 3037 1265 3098 quae
1275 3016 1367 3099 juve-

319 3125 370 3190 nis
384 3123 527 3188 discessit
542 3147 551 3200 3
575 3147 634 3188 nec
651 3138 757 3188 tamen
769 3124 915 3188 restituta
928 3123 990 3188 fuit
1005 3124 1366 3189 Cenomanniahaeredi·

315 3236 380 3301 bus
405 3233 550 3301 Heberti.
594 3233 671 3298 Jam
697 3256 771 3298 vero
802 3233 930 3318 quidam
959 3234 1068 3320 Hugo,
1099 3255 1199 3318 nepos
1223 3233 1367 3320 ejusdam

317 3345 453 3413 Heberti
468 3360 501 3411 et
515 3346 679 3430 proximus
697 3345 807 3426 haeres,
831 3345 950 3411 accitus
973 3367 1030 3431 per
1056 3346 1280 3410 Cenomannos
1295 3347 1366 3423 fuit,

316 3469 354 3522 ut
368 3456 546 3523 haereditati
557 3481 622 3524 suae
630 3457 855 3523 restitueretur.
902 3457 966 3524 Qui
981 3479 1047 3521 non
1062 3456 1213 3521 affectans
1227 3456 1260 3520 in
1271 3459 1367 3541 parti·

320 3570 380 3635 bus
396 3568 458 3634 illis
468 3571 523 3655 jus
548 3591 653 3647 suum,
679 3567 823 3633 vendidit
837 3567 968 3632 domino
984 3567 1075 3644 Eliae,
1101 3569 1159 3654 qui
1184 3567 1368 3633 Cenoman-

317 3681 404 3745 niam
413 3692 683 3763 occupaverat3et
692 3679 725 3742 in
738 3679 871 3765 patriam
881 3701 971 3743 suam
982 3679 1118 3744 secessit.
1168 3680 1369 3745 Cenomanni

316 3788 477 3877 siquidem
486 3787 566 3854 Eliae
577 3788 786 3866 adhaeserunt,
799 3801 831 3854 et
845 3789 1005 3855 civitatem
1016 3789 1046 3854 ei
1054 3789 1234 3868 reddentes,
1251 3793 1373 3870 turrim,

324 3902 359 3966 in
390 3923 453 3987 qua
479 3913 567 3966 erant
595 3900 787 3977 Normanni,
816 3899 967 3966 insultare
996 3915 1170 3987 coeperunt.
1215 3901 1269 3967 illi
1293 3925 1369 3968 vero

345 4124 357 4171 3
371 4123 384 4144 ‘¹
390 4121 443 4162 Thia
461 4121 540 4162 nouere
549 4132 592 4162 was
600 4123 651 4162 wiso
660 4121 683 4162 tn
690 4122 814 4172 couneayls,
823 4125 896 4170 strong
905 4121 928 4161 in
935 4121 1018 4171 battyll,
1032 4123 1075 4162 and
1082 4123 1127 4162 also
1135 4123 1192 4171 right
1200 4123 1289 4170 liberall,
1298 4124 1341 4163 and
1347 4124 1370 4164 in

320 4190 437 4231 iturarum
451 4189 507 4230 from
520 4189 639 4232 Jerusalem
651 4191 738 4240 maryed
750 4191 787 4230 the
800 4191 906 4240 daughter
918 4190 942 4230 ot
948 4190 1041 4230 william
1054 4190 1080 4229 de
1094 4191 1211 4237 Auersann,
1219 4191 1265 4230 lord
1278 4190 1303 4231 ot
1314 4193 1372 4240 apu-

316 4256 353 4302 lia,
374 4255 426 4296 with
440 4256 510 4295 whom
523 4255 550 4295 he
569 4256 673 4306 receyved
692 4260 751 4305 great
770 4267 862 4297 somme·
880 4255 905 4296 ot
915 4265 992 4305 money
1005 4257 1037 4296 tor
1049 4256 1088 4295 her
1105 4257 1182 4306 doner,
1200 4257 1237 4298 the
1256 4257 1326 4298 theh
1344 4259 1372 4308 by

316 4333 381 4366 meon
396 4323 460 4368 othir
468 4323 591 4376 lyberalitye
600 4323 627 4364 he
636 4327 698 4375 spent
706 4324 786 4375 rhortly
795 4324 870 4365 atter.”
896 4323 1000 4371 renutu,
1014 4333 1035 4374 p.
1043 4325 1088 4364 2⁵4.
