3252 5170
300 495 326 535 ⁹4
614 495 739 536 irrumet
754 495 794 536 DE
808 494 955 537 SILGRAVB
1196 497 1232 546 [A.
1247 497 1274 538 D.
1290 463 1347 538 il9d.

300 649 350 697 tus
365 645 412 697 est
427 633 466 697 ab
482 631 726 720 archiepiscopis
745 633 939 721 Rothomagi
961 647 994 698 et
1015 634 1203 700 Cantuariae.
1249 634 1346 722 Apud

301 748 433 834 Sagium
455 761 488 811 et
510 748 594 834 apud
612 745 849 833 Rothonragum
871 748 1003 812 ducatus
1020 747 1226 814 Normanniae
1246 772 1349 813 susce·
1434 775 1437 780 ’

299 862 348 946 pit
363 860 526 925 honorem.
585 859 694 935 Porro,
711 883 775 923 non
792 860 892 923 multo
916 874 986 944 post
1006 861 1212 924 transfretans
1230 862 1264 925 in
1283 865 1351 926 An-

300 973 402 1058 gliam,
413 976 597 1056 coronatusii
611 987 659 1037 est
674 986 706 1036 et
716 985 916 1036 consecratus
930 974 964 1038 in
981 971 1106 1060 Regem
1124 973 1249 1058 Angliae
1264 974 1350 1061 apud

299 1084 512 1161 Londoniam‚
523 1085 616 1148 tertio
629 1083 776 1148 videlicet
788 1084 899 1148 Nonas
913 1085 1118 1170 Septembris
1175 1085 1242 1151 Ubi
1252 1089 1349 1151 etiarn

300 1196 393 1260 multi
407 1194 430 1259 J
433 1195 595 1260 udaeorum
610 1196 770 1260 interfecti
785 1211 870 1273 sunt,
887 1210 918 1261 et
940 1197 1045 1281 plures
1068 1198 1203 1283 spoliati.
1252 1198 1351 1274 Quod

301 1309 376 1392 quia
398 1308 431 1370 in
450 1321 543 1371 nocte
564 1307 760 1384 factumest,
782 1331 847 1371 non
868 1308 908 1371 ad
932 1311 1079 1374 notitiam
1100 1311 1183 1396 regis
1205 1313 1351 1398 pervenit

302 1422 477 1504 quiessent
493 1432 622 1488 actores.
669 1418 760 1484 Ultio
775 1418 971 1484 dissimulata
988 1435 1044 1486 est.
1091 1423 1191 1487 Multi
1205 1446 1280 1488 vero
1296 1446 1354 1511 per

303 1532 454 1618 Angliam
471 1531 493 1595 J
495 1530 680 1618 erosolymis
698 1546 912 1618 properantes,
928 1533 1015 1618 prius
1026 1533 1240 1600 decreverunt
1251 1537 1353 1601 insur-

302 1667 377 1732 gere
408 1644 441 1707 in
470 1643 602 1708 Judaeos
626 1667 721 1728 quam
743 1645 776 1708 in
800 1647 951 1730 Paganos
996 1647 1095 1731 Apud
1117 1649 1296 1714 Eboracum
1319 1662 1353 1714 et

304 1756 389 1843 apud
406 1756 588 1822 Norwicum
609 1771 642 1821 et
661 1757 747 1844 apud
770 1756 929 1822 Stamsord
950 1773 983 1823 et
1002 1759 1087 1844 apud
1111 1759 1263 1825 Sanctum
1286 1760 1353 1825 Ed-

304 1870 473 1945 mundnm,
489 1886 601 1955 praeter
615 1871 676 1935 alia
690 1871 768 1948 loca,
784 1872 818 1935 in
834 1873 1077 1960 quibuscunque
1099 1875 1353 1954 inveniebantur,

305 1981 464 2045 interfecti
479 1995 562 2046 sunt.

350 2091 426 2157 Non
438 2071 543 2157 ¹multo
557 2105 637 2179 post,
649 2091 798 2157 Elianora
813 2094 932 2179 regina,
950 2117 1020 2179 qnae
1035 2094 1091 2158 diu
1104 2097 1208 2162 fuerat
1222 2098 1255 2161 in
1272 2111 1357 2163 arcta

306 2205 460 2281 custodia,
472 2206 606 2290 jubente
621 2227 695 2291 rege
713 2204 851 2270 Ricardo
868 2205 932 2270 filio
947 2228 1013 2285 suo,
1025 2219 1176 2272 statutum
1190 2223 1238 2274 est
1250 2211 1355 2276 edicto

307 2317 413 2402 regali,
431 2331 465 2380 ut
486 2315 641 2402 quicquid
661 2317 767 2395 vellet,
786 2316 913 2393 faceret,
935 2332 967 2381 et
987 2331 1065 2382 tunc
1087 2319 1127 2382 ad
1148 2323 1278 2385 nutum'
1289 2324 1356 2406 ejus

306 2428 550 2514 disponerentur
565 2427 699 2510 omnia.§
744 2427 884 2514 Impieta
898 2442 946 2492 est
960 2429 1057 2515 igitur
1081 2431 1247 2515 prophetia
1268 2431 1357 2495 Mer·

256 2529 258 2535 ⁴
306 2538 379 2604 lini:
421 2539 537 2624 Aquila
571 2543 657 2624 rupti
681 2541 811 2624 faederis
850 2545 939 2604 tertia
968 2543 1171 2624 aidfficatt'one
1197 2544 1350 2628 pandebit.

306 2653 424 2738 Aquila
439 2650 533 2729 dicta,
550 2651 624 2736 qnia
638 2650 760 2744 duabus
776 2651 832 2716 alis
848 2651 913 2716 duo
929 2666 1040 2738 tegens
1055 2677 1148 2738 reqna
1157 2680 1168 2728 ,·
1200 2657 1355 2740 raptisra-

307 2765 395 2840 dert's,
407 2764 480 2848 quia
489 2786 508 2826 a
516 2785 590 2848 rege
601 2762 877 2850 Franciaepropter
886 2763 1193 2850 consanguinitatem
1203 2778 1355 2849 separata,

310 2898 329 2938 a
343 2898 418 2961 rege
434 2876 530 2939 etiam
545 2875 672 2961 Angliae
686 2889 754 2940 toro
770 2875 828 2940 diu
841 2889 972 2952 remota,
982 2879 1066 2940 circa
1080 2877 1242 2941 sexdecim
1258 2899 1359 2940 annos

305 2985 474 3069 utrobique
490 2981 593 3050 foedus
608 2999 739 3070 ruptum
754 3000 819 3064 est;
852 2990 941 3050 tertia
960 2990 1170 3068 nidfflcatione,
1192 2989 1269 3073 quia
1289 3001 1361 3074 post

311 3094 507 3160 Willelmum
529 3096 582 3180 qui
598 3118 679 3182 puer
699 3096 787 3173 obiit,
804 3111 837 3160 et
853 3095 1041 3176 Henrioum,
1058 3098 1114 3183 qui
1129 3099 1255 3162 vivente
1271 3113 1358 3184 patre

306 3210 461 3297 regnavit,
478 3208 534 3273 sed
550 3222 623 3273 ante
639 3223 762 3296 patrem
778 3211 865 3288 obiit,
884 3209 1049 3286 RicarduS,
1067 3211 1121 3295 qui
1138 3213 1260 3277 tertiam
1275 3212 1359 3277 nidi-

309 3323 489 3388 ficationem
505 3335 603 3399 notat,
619 3338 800 3387 maternum
814 3346 932 3388 nornen
947 3323 1117 3388 extollebat
1131 3324 1165 3387 in
1180 3325 1321 3409 singulis.

350 3438 448 3501 Anno
478 3436 574 3522 igitur
599 3436 754 3519 sequenti,
786 3435 932 3499 videlicet
958 3434 1187 3500 Incarnationis
1217 3437 1362 3501 Domini-

310 3570 355 3612 cae
379 3546 448 3611 MC
467 3549 680 3633 nonagesimo
710 3548 868 3632 profectus
899 3561 947 3611 est
961 3546 1191 3634 Jerosoiymam
1210 3571 1284 3612 cum
1310 3571 1362 3613 ex-

309 3661 410 3725 ercitu
425 3682 550 3745 magno,
563 3658 682 3722 scilicet
697 3680 768 3722 curn
782 3672 910 3724 centum
921 3659 1154 3745 quinquaginta
1169 3683 1224 3724 sex
1236 3661 1363 3725 navibus

337 4011 345 4056 11
365 4008 391 4047 Ιιι
399 4008 436 4047 the
445 4008 521 4048 cotton
531 4009 584 4054 MS.‚
592 4008 667 4048 Claud.
675 4008 698 4048 0.
707 4008 737 4053 iv,
745 4007 761 4047 1.
772 4009 816 4054 236,
825 4009 843 4048 ts
852 4018 865 4046 a
873 4007 913 4046 fult
920 4010 1010 4046 account
1019 4007 1042 4046 of
1050 4008 1160 4047 Richard's
1169 4010 1297 4048 coronation.
1325 4011 1366 4049 For

307 4076 448 4116 inionnation
457 4076 586 4124 concerning
596 4076 632 4114 tha
641 4075 774 4115 solemnitiea
784 4076 886 4115 observed
895 4086 922 4114 on
931 4076 992 4114 these
1001 4077 1110 4114 occasions
1126 4086 1161 4115 aee
1170 4077 1200 4115 Dr
1209 4076 1295 4116 Silver'a
1306 4078 1367 4116 Pam·

311 4143 372 4192 phlet
380 4154 408 4182 on
417 4142 454 4182 the
464 4143 693 4182 Coronation-Service.

340 4212 351 4259 ς
366 4213 379 4232 “
387 4211 439 4250 Thia
448 4221 498 4259 year
507 4211 575 4259 (119⁰)
584 4211 620 4249 the
629 4210 700 4259 kyngc
708 4210 809 4259 enlarged
820 4210 927 4259 Elyanour
935 4210 971 4249 his
979 4211 1059 4258 moder,
1069 4211 1139 4250 which
1147 4211 1210 4260 longe
1217 4213 1289 4252 before
1298 4213 1320 4250 at
1329 4212 1365 4250 the

313 4277 550 4318 commaundemcntor
560 4279 594 4318 hir
603 4278 662 4317 tader
669 4280 708 4318 her
717 4279 838 4326 hucbonde,
847 4289 890 4318 was
898 4288 921 4317 aa
930 4278 1047 4327 aprisonar
1061 4280 1124 4328 repta
1137 4279 1160 4318 in
1174 4282 1253 4329 streyte
1268 4281 1353 4330 kepyng
1360 4295 1366 4328 ;

316 4347 371 4386 atter
377 4347 447 4387 which
454 4347 571 4397 enlargyng
577 4345 613 4386 the
620 4346 683 4386 londa
692 4357 736 4386 was
743 4347 830 4396 guydyd
838 4347 866 4396 by
874 4347 913 4386 her
921 4347 1054 4397 counceyll.”
1080 4347 1184 4396 Pharna,
1193 4358 1214 4398 p.
1222 4349 1266 4388 299.
