3252 5170
326 526 361 566 102
640 524 765 566 HENRICI
780 523 820 565 nii
833 524 986 565 alienata.
1177 525 1213 574 [A.
1222 525 1249 566 D.
1261 523 1377 566 itit-iila

321 661 471 724 successit
494 659 638 724 Johanni
657 659 726 745 regi
753 659 914 724 Henricus
940 658 1024 723 filius
1048 659 1118 745 ejus
1134 659 1375 747 primogenitus,

321 770 442 836 habens
453 772 669 840 astutiaannos
684 787 811 846 novem,
827 783 860 834 et
871 782 1040 834 coronatus
1051 783 1099 835 est
1113 770 1200 857 apud
1217 773 1374 838 Glouces·

322 881 416 946 triam
445 904 464 945 a
487 881 592 968 legato
620 881 785 946 Gwallone
809 903 941 946 manum
960 894 1140 969 apponente
1155 881 1311 960 unctioni,
1337 895 1372 948 et

319 990 417 1057 Petro
442 992 690 1076 Wintoniensi,‡
714 991 767 1056 die
792 990 1020 1079 Apostolorum
1049 991 1158 1057 Sancti
1175 991 1315 1056 Simonis
1340 1005 1374 1058 et

320 1101 427 1193 Judae.
1029 1103 1031 1108 ’

362 1212 464 1278 Porro
475 1231 564 1276 'anno
578 1212 791 1277 coronationis
806 1213 875 1299 ejus
890 1212 983 1278 tertio
1000 1212 1185 1278 translatum
1200 1224 1248 1278 est
1260 1233 1375 1301 corpus

318 1322 449 1408 gloriosi
477 1323 630 1410 Martyris
655 1321 791 1386 Thomae
831 1323 1068 1388 cantuariensis
1098 1323 1327 1410 archiepiscopi
1355 1345 1375 1389 a

321 1432 483 1517 Stephano
505 1431 652 1519 ejusdem
678 1432 761 1496 sedis
787 1431 1034 1518 archiepiscopo,
1062 1433 1119 1518 qui
1148 1448 1258 1520 postea
1288 1433 1374 1519 apud

320 1544 483 1608 Oxoniam
494 1543 665 1609 celebravit
674 1543 913 1624 concilium,ubi
925 1546 1055 1630 quidam
1065 1545 1229 1624 diaconus,
1240 1545 1264 1610 J
1266 1545 1374 1611 udaeus

318 1655 462 1734 allectus,
472 1653 662 1740 degradatus
674 1668 766 1731 estet
780 1654 896 1719 alaicis
906 1658 940 1720 in
951 1657 1059 1742 ignem
1068 1658 1227 1744 projectus
1240 1657 1370 1721 interiit

363 1764 523 1830 Henrious
534 1765 642 1862 igitur,
652 1766 866 1832 coronationis
875 1789 942 1832 suae
951 1789 1036 1832 anno
1046 1768 1140 1832 tertio
1155 1767 1271 1833 iterum
1282 1789 1372 1832 coro·

316 1889 412 1941 natur
448 1876 534 1960 apud
563 1876 938 1964 Westmonasteriumda
963 1877 1127 1965 Stephano
1145 1878 1371 1944 Cantuariensi

317 1987 566 2073 archiepiscopo,
584 1986 706 2050 habens
721 2009 821 2050 annos
836 1987 1000 2062 tredecim,
1026 1987 1143 2051 scilicet
1159 1989 1252 2052 nonis
1276 1988 1300 2053 J
1302 1988 1372 2055 ulii.

317 2098 440 2164 Quarto
455 2119 530 2161 vero
554 2118 639 2160 anno
664 2095 790 2160 obsedit
815 2095 975 2160 Henricus
989 2118 1047 2160 rex
1060 2108 1200 2161 castrum
1225 2096 1265 2161 de
1282 2098 1368 2163 Bed-

315 2210 395 2286 ford‚
406 2223 439 2274 et
449 2209 544 2296 cepit,
552 2209 584 2272 in
598 2232 660 2292 quo
671 2222 781 2294 captus
793 2221 841 2272 est
853 2207 978 2272 Fanlres
987 2207 1027 2272 de
1040 2209 1208 2292 Breante,ll
1220 2221 1254 2272 et
1263 2208 1370 2295 plures

316 2321 370 2383 alii
386 2321 519 2382 barones
534 2319 668 2404 Angiiae,
685 2341 764 2401 quos
776 2340 887 2382 omnes
897 2319 993 2404 jussit
1001 2319 1164 2408 suspendi.
1211 2318 1373 2406 Regnavit

315 2443 424 2493 autem
440 2429 472 2492 in
489 2429 636 2492 universo
650 2427 880 2514 quinquaginta
891 2429 1059 2508 annissex,
1069 2429 1169 2493 tribus
1184 2429 1370 2516 septimanis

314 2554 348 2605 at
363 2541 462 2605 tribus
477 2539 617 2623 diebus§
644 2539 735 2605 Obiit
749 2539 846 2626 igitur
860 2539 892 2603 in
903 2551 1067 2603 senectute
1082 2539 1175 2616 bona,
1191 2552 1227 2604 et
1241 2540 1364 2626 apposi-

315 2665 366 2716 tus
382 2664 431 2715 cst
445 2651 484 2715 ad
497 2665 602 2737 patres
618 2672 700 2727 suos,
717 2649 769 2714 die
780 2651 864 2714 beati
880 2648 1047 2715 Edmundi
1061 2649 1145 2734 regis
1160 2662 1194 2714 et
1209 2649 1366 2736 martyris,

314 2786 399 2828 anno
413 2763 524 2848 gratiae
545 2761 739 2828 MCCLXX
764 2762 916 2838 secundo,
944 2761 978 2824 in
1005 2761 1223 2826 transmarinis
1252 2773 1368 2848 agente

315 2873 447 2937 domino
464 2870 622 2935 Eduardo
637 2872 851 2957 primogenito
866 2893 934 2936 sno.

340 3067 351 3114 1
364 3065 417 3106 'i‘nis
426 3065 488 3104 Peter
495 3064 520 3104 oi
533 3065 668 3104 winchester
675 3065 753 3105 isthus
761 3065 845 3104 notloed
854 3065 877 3104 in
886 3065 923 3104 the
932 3065 1008 3104 annals
1017 3066 1094 3105 oithat
1112 3067 1208 3114 church;
1224 3067 1296 3106 ‘Anno
1313 3069 1370 3116 iane,
1381 3107 1387 3113 ,

314 3138 398 3188 Petrus,
407 3140 563 3180 wintoniensis
577 3140 697 3190 episcopus,
716 3141 786 3180 Roma
799 3151 905 3188 reversus,
920 3141 978 3189 apud
986 3141 1118 3180 wintoniam
1135 3141 1218 3180 solenni
1234 3142 1370 3190 processione

312 3219 412 3265 receptus
420 3218 460 3262 est,
467 3218 489 3255 et
496 3215 654 3255 inthronizatus
664 3215 776 3255 Dominica
784 3215 806 3254 ln
817 3215 892 3255 Remis
900 3215 1030 3262 Palmarum,
1047 3216 1091 3255 Vll
1102 3217 1156 3256 idus
1166 3216 1261 3265 Aprilis.¹

341 3293 351 3340 1
365 3291 410 3330 The
419 3291 562 3340 Ladyehapei
570 3290 594 3330 oi
600 3290 750 3329 Westminster
758 3300 800 3329 was
809 3291 865 3330 built
873 3291 896 3330 iu
904 3291 948 3330 this
956 3289 1027 3339 king’s
1035 3291 1137 3339 reign-‘¹
1152 3292 1216 3330 Anno
1223 3291 1301 3340 gratia
1312 3290 1368 3340 122⁰,

314 3367 405 3406 sabbato
414 3369 577 3414 autemsancto,
593 3366 668 3414 vigilia
682 3365 764 3404 scilicet
779 3365 923 3412 Pentecosten,
942 3365 1053 3415 inceptum
1069 3367 1103 3404 est
1117 3375 1198 3404 novum
1212 3375 1269 3414 opus
1282 3367 1371 3416 capelia

313 3443 382 3481 beatae
391 3441 487 3491 Virginis
495 3441 552 3490 sputi
559 3440 781 3488 Westmonssterium
790 3449 839 3489 rege
848 3441 940 3480 lienrico
948 3440 1020 3479 Tertio
1032 3440 1141 3478 existente
1148 3439 1175 3478 ad
1184 3440 1223 3478 hoc
1233 3449 1366 3488 persuasore,

313 3515 436 3562 fundatore,
445 3518 467 3554 et
474 3515 537 3562 primi
545 3514 622 3563 lapidis
631 3515 653 3554 in
663 3514 806 3554 itrndemento
814 3514 883 3562 operis
892 3513 992 3562 positore.
1018 3513 1111 3552 Froaas
1125 3513 1192 3552 Hrsr.

340 3590 350 3638 1
365 3600 389 3628 or
398 3589 479 3628 Foulke
488 3587 514 3628 de
524 3589 610 3636 Brente,
619 3589 667 3627 who
675 3588 725 3627 held
734 3589 771 3627 the
785 3588 892 3627 earldoms
906 3587 930 3626 oi
941 3586 1090 3636 uottiugham,
1106 3587 1208 3633 Bediorsi.
1226 3583 1308 3628 oxiord
1321 3587 1365 3629 and

315 3663 474 3712 Buckingham.

340 3741 350 3788 t
365 3739 391 3778 A.
402 3739 428 3778 D.
440 3738 496 3784 1218,
505 3737 539 3777 die
549 3737 570 3776 S.
578 3736 688 3776 Edmundi
698 3736 888 3785 Archiepiscoplet
897 3733 1037 3783 confessoris,
1045 3735 1147 3775 dormivit
1154 3747 1194 3776 rex
1202 3737 1309 3778 Henricns
1318 3745 1369 3778 cum

312 3812 408 3862 patribus
417 3811 470 3858 suis,
479 3813 500 3849 et
509 3811 567 3849 viam
574 3809 683 3848 universae
691 3809 761 3849 earnis
769 3810 880 3858 ingressus
889 3813 929 3848 est.
949 3810 987 3849 Vir
995 3809 1082 3858 quidem
1091 3807 1198 3859 gloriosus
1206 3811 1228 3850 in
1235 3811 1322 3859 saeculo,
1332 3811 1370 3852 sed

313 3898 356 3927 non
365 3885 532 3935 minorisgloriae
540 3886 562 3924 in
571 3885 661 3932 Christo,
669 3885 755 3924 exstitit
763 3885 821 3924 enirn
828 3885 861 3924 vir
869 3885 982 3934 religiosus
991 3887 1012 3923 et
1018 3885 1075 3933 pius,
1083 3889 1105 3924 et
1111 3885 1161 3924 licet
1171 3886 1264 3936 simplex
1272 3887 1295 3926 in
1303 3886 1371 3926 admi-

313 3961 439 4001 nistratione
448 3959 605 4008 temporalium,
616 3962 689 3998 temen
706 3967 792 4007 magnae
800 3959 921 3999 devotionis
934 3960 957 3999 in
968 3959 1053 4006 Deum
1067 3959 1089 3998 in
1104 3960 1145 4010 piis
1153 3960 1304 4008 largitionibus
1322 3963 1369 3999 tam

313 4036 423 4086 profusus,
433 4037 457 4074 ut
473 4036 553 4082 praeter
568 4032 675 4081 copiosam
689 4033 862 4073 distributionem
877 4043 1002 4082 pauperum,
1012 4033 1170 4084 eleemosynam
1183 4034 1253 4082 ipsius
1262 4035 1368 4074 sentirent

312 4111 389 4150 multae
405 4110 502 4150 ecelesia
515 4110 649 4156 sanctorum,
669 4112 690 4148 et
703 4109 810 4158 precipue
825 4109 1060 4148 Westmonssteriensis
1075 4108 1200 4149 Londoniae.
1221 4110 1247 4148 11
1263 4120 1307 4158 qua
1317 4110 1366 4158 qul-

313 4187 362 4225 dem
370 4185 466 4231 basilica,
475 4192 541 4232 quam
549 4183 594 4231 ipsc
603 4183 669 4222 nobili
678 4183 787 4222 schemate
795 4193 808 4222 a
816 4182 959 4223 fundamento
968 4183 1069 4222 decenter
1077 4183 1154 4230 erexit,
1162 4183 1287 4222 humaniter
1293 4193 1368 4223 recon·

311 4261 372 4299 ditus
379 4258 562 4306 honoriticejscet,
570 4267 626 4296 anno
635 4257 716 4297 scilicet
725 4257 786 4306 regni
794 4256 829 4296 sui
838 4256 907 4297 bvii.
934 4257 968 4296 W.
982 4256 1157 4304 Haurnaroaru
1167 4267 1209 4296 sna
1218 4266 1306 4297 11111111.
