3212 5206
341 529 366 568 58
671 524 797 566 nenium
811 523 851 565 DE
863 521 1010 565 SlLGRAVE
1224 524 1261 574 [A.
1269 523 1395 564 ΒΑΜ-015,

339 664 457 727 itemm
473 661 564 744 quasi
578 661 678 726 victor
694 661 728 725 in
743 673 876 726 urceum
893 661 1026 748 plenam
1041 661 1196 746 impeturn
1208 659 1293 726 fecit.
1318 659 1393 726 Rex

339 773 448 855 itaque
463 771 595 835 domum
610 788 778 858 regressus,
795 788 894 855 quum
906 770 1028 836 videret
1040 793 1115 836 eum
1132 771 1392 856 matersnacogi-

341 884 461 948 tatione
480 883 653 962 turbelam,
674 883 825 948 convenit
847 903 922 946 eum
940 890 977 946 ut
994 882 1109 946 faciem
1126 865 1199 968 ejus
1223 893 1390 946 serenaret.

341 994 424 1060 Qum
434 1013 562 1080 postero
578 993 631 1058 die
641 994 789 1080 exposuit
798 991 828 1057 ei
837 992 991 1058 visionem
1007 994 1050 1058 ita
1058 1019 1069 1073 3
1081 992 1251 1058 “Intratus
1270 993 1393 1057 catulo·

340 1120 411 1169 rum
423 1102 589 1168 oblatratio
604 1117 651 1168 est
664 1102 862 1167 nebulonum
871 1114 942 1187 post
952 1118 1007 1167 tua
1018 1118 1170 1189 tempora.
1216 1103 1291 1168 Duo
1302 1125 1396 1190 poma

340 1211 526 1280 bollidentie
548 1211 630 1279 duos
657 1214 739 1278 lilios
762 1225 834 1279 tuos
857 1213 1052 1299 significent3
1098 1213 1237 1278 fautores
1259 1211 1391 1278 secundi

341 1315 534 1409 extinguent
573 1323 725 1408 primum.
791 1322 886 1388 Tunc
924 1321 1056 1388 diversae
1083 1301 1182 1409 partis
1214 1319 1395 1388 incentores

340 1431 450 1497 dicent
473 1433 578 1518 pueris
605 1433 759 1516 utrisque,
788 1434 904 1498 Velit
933 1434 985 1498 tei
1021 1432 1095 1517 quia
1119 1435 1261 1498 mortuus
1284 1453 1396 1520 regna-

340 1541 389 1606 bit
419 1542 455 1606 in
483 1541 574 1619 coelo,
604 1541 696 1606 vivus
726 1541 760 1605 in
783 1551 886 1618 terret
919 1563 1058 1626 namque
1081 1563 1194 1608 urceus
1215 1543 1319 1629 major
1340 1543 1396 1626 qul

339 1649 499 1719 minoiem
521 1652 655 1740 implere
676 1673 743 1716 non
765 1659 901 1739 poterat,
923 1652 985 1717 hoc
1006 1652 1153 1739 designat
1175 1652 1262 1737 qnod
1282 1666 1396 1739 gentes

341 1762 566 1849 Aquilonsres,
599 1763 654 1847 qui
683 1762 916 1828 numerosiores
944 1773 1021 1826 sunt
1049 1783 1146 1847 qnam
1178 1761 1290 1849 Angli,
1323 1763 1395 1826 An·

339 1873 439 1960 gliam
464 1885 537 1958 post
557 1886 694 1937 mortem
715 1885 805 1936 tuam
825 1871 1052 1957 impetrabunt.
1100 1871 1164 1937 Sed
1182 1885 1288 1937 tamen
1308 1872 1395 1937 huno

266 2063 271 2072 .
340 1983 499 2068 angulum
528 1983 642 2046 mnndi
671 2003 839 2064 nunquam
875 1976 1008 2066 impiere
1047 1992 1212 2068 poterunt,
1243 1983 1394 2069 qnoniam

340 2092 443 2178 Angli
471 2091 572 2158 nostri
600 2092 715 2178 potius,
737 2111 838 2175 quum
856 2091 994 2155 maxime
1018 2092 1094 2156 victi
1115 2091 1318 2171 videbuntur,
1339 2111 1396 2158 eos

339 2199 511 2289 expellent,
526 2214 684 2286 eruntque
699 2203 760 2268 sub
774 2225 832 2268 suo
847 2215 881 2267 et
890 2202 953 2268 Dei
968 2202 1100 2267 arbitrio
1117 2225 1218 2288 usque
1234 2203 1275 2268 ad
1289 2205 1391 2290 praefi-

339 2313 443 2378 nitum
458 2325 587 2398 tempus
602 2335 623 2377 a·
638 2311 776 2378 Christo.

383 2421 530 2508 Edgarus
545 2422 654 2507 igitur,
675 2433 817 2487 sanctem
834 2423 932 2487 vitam
953 2422 1083 2501 ducens,
1103 2423 1302 2489 sanctissimo
1321 2423 1386 2488 fine

339 2534 439 2598 vitam
461 2532 636 2609 cunclusit3
682 2545 715 2597 et
749 2532 835 2617 quod
864 2533 898 2596 iu
936 2546 1109 2618 conspectu
1147 2533 1281 2598 Domini
1308 2555 1394 2598 mors

340 2641 411 2731 ejus
425 2645 563 2732 pretiosa
576 2643 683 2725 inerit,
707 2655 930 2731 postmortem
950 2646 1020 2729 ejus
1038 2645 1110 2709 Deo
1141 2658 1292 2730 operante
1313 2646 1396 2709 miro

339 2756 439 2821 modo
467 2757 581 2841 patuit.
639 2757 748 2821 Quum
771 2747 859 2820 enim
880 2754 1066 2832 Edwardus,
1085 2755 1181 2819 abbas
1208 2754 1393 2832 Glastoniae,

339 2889 456 2952 corpus
465 2889 559 2930 suum
575 2867 743 2930 transferre
758 2879 957 2950 proponeret,
982 2867 1149 2930 inventum
1168 2879 1217 2930 est
1234 2867 1394 2953 integrum

339 2988 372 3040 et
387 2976 614 3058 incorruptum,
626 2997 725 3058 quum
736 2979 769 3037 in
780 2990 862 3038 terra
874 2995 931 3058 per
946 2975 1154 3059 quadraginta
1164 2988 1284 3057 septem
1294 2997 1396 3042 anuos

340 3083 537 3171 quietisset3
571 3083 627 3174 sed
650 3105 750 3168 quum
766 3083 845 3146 illud
861 3093 1048 3159 reverenter,
1072 3095 1109 3146 ut
1123 3082 1259 3160 deceret,
1290 3085 1395 3150 levare

340 3194 513 3273 debuisset,
540 3195 668 3258 incaute
701 3193 826 3257 levavit.
882 3193 926 3256 Et
959 3192 1032 3276 quia
1063 3203 1153 3278 petra
1185 3191 1279 3257 nimis
1309 3209 1395 3260 arcta

340 3303 537 3389 oratioque
554 3325 667 3390 corpus
676 3302 848 3368 recondere
868 3301 1075 3387 proponebat,
1085 3301 1160 3366 iecit
1177 3304 1319 3368 membra
1329 3327 1394 3369 sec-

339 3416 396 3496 ari,
406 3429 444 3481 ut
453 3417 497 3480 sic
506 3416 540 3478 in
550 3428 671 3501 petram
685 3436 802 3500 corpus
811 3425 918 3497 posset
929 3412 1086 3477 collocari.
1111 3411 1183 3476 Hoc
1193 3411 1285 3490 iacto,
1296 3415 1396 3479 exivit

339 3526 380 3590 de
404 3527 557 3591 membris
579 3527 649 3611 ejus
671 3526 801 3611 sanguis
823 3523 903 3587 adeo
925 3543 1047 3599 recens
1071 3533 1108 3587 ac¹
1130 3522 1156 3585 si
1177 3522 1274 3588 homo
1302 3524 1393 3589 vivus

339 3634 523 3700 vulneratus
538 3635 687 3712 fuissetil
717 3634 826 3697 Abbas
848 3653 923 3696 vero
940 3631 1093 3704 continuo
1112 3651 1208 3696 sensu
1230 3631 1394 3714 alienatus,

338 3745 518 3828 cedensque
535 3743 617 3808 collo
629 3757 724 3828 rupto
739 3756 875 3806 mortem
885 3741 1027 3842 incurrit,
1064 3741 1217 3827 Corpore,
1228 3755 1265 3806 ut
1276 3743 1394 3822 decuit,

363 3895 379 3934 ⁰
390 3895 451 3934 Peter
459 3893 560 3943 Langtost
567 3893 658 3932 informs
667 3903 693 3931 us
701 3892 747 3932 that
755 3895 835 3941 twenty
840 3892 889 3931 tour
895 3901 955 3940 years
962 3891 1016 3930 alter
1023 3891 1066 3930 this
1074 3891 1193 3931 monercb's
1198 3892 1262 3932 death
1270 3893 1294 3941 (i.
1302 3905 1321 3932 e.
1330 3895 1396 3933 about

337 3961 365 4000 A.
381 3961 407 3999 D.
427 3961 484 4007 1⁰⁰⁰)
501 3970 541 3999 one
560 3959 658 4004 Edwsrd
677 3959 725 3998 who
741 3969 784 3997 was
798 3960 861 3998 abbot
877 3957 901 3998 ol
917 3959 1062 4006 Glastonbury
1086 3958 1176 3996 medea
1193 3959 1251 3998 tomb
1261 3960 1295 3998 lor
1310 3960 1344 3998 his
1362 3971 1394 3999 re·

336 4027 414 4074 mains.
423 4027 493 4066 which
501 4028 565 4074 being
574 4030 609 4065 too
617 4028 688 4074 small,
698 4027 734 4065 the
742 4027 823 4068 sbanks
831 4027 855 4066 of
870 4025 907 4065 the
916 4035 989 4074 corpse
997 4036 1053 4065 were
1061 4025 1141 4064 broken
1150 4027 1178 4073 by
1186 4026 1222 4064 the
1233 4026 1318 4064 Abbat's
1327 4026 1396 4065 direc-

335 4095 400 4142 tione,
408 4095 451 4133 end
459 4095 506 4133 that
515 4094 582 4133 blood
594 4095 637 4132 and
646 4097 711 4132 water
718 4094 793 4133 issued
801 4093 856 4132 from
864 4094 902 4132 the
910 4092 998 4139 thanim,
1007 4094 1050 4132 end
1068 4092 1105 4131 the
1115 4091 1185 4130 Abbat
1196 4092 1227 4131 lor
1238 4092 1281 4131 this
1295 4095 1394 4142 outrage·

336 4171 376 4200 ous
385 4161 438 4200 deed
446 4170 489 4199 was
498 4160 572 4198 struck
581 4160 634 4199 with
643 4160 767 4200 blindness!
776 4161 794 4199 lt

440 4255 454 4274 ‘¹
462 4252 493 4291 Ol
501 4252 571 4300 Edgar
580 4252 616 4290 the
625 4251 679 4300 king
685 4251 736 4290 thus
745 4251 811 4290 found
822 4251 832 4290 l
841 4250 925 4297 writen,

438 4319 487 4358 Pers
496 4319 544 4358 tells
553 4319 590 4358 the
599 4327 657 4358 same
665 4319 741 4367 tnyng,
753 4319 779 4358 ab
788 4317 822 4358 bis
831 4317 886 4356 boko
895 4325 944 4364 may
953 4315 1017 4354 wlten
1028 4328 1032 4354 :
