3252 5170
173 553 199 592 Δ.
211 547 238 592 D.
254 547 321 600 tals]
601 548 782 594 cneomcon.
1197 549 1232 594 ιιι

172 702 219 753 tes
234 711 310 752 cum
324 686 442 751 auxilio
457 683 534 751 dicti
550 688 705 752 Imdovici
721 702 755 753 et
773 688 897 775 parium
918 707 1058 768 suorum,
1074 688 1229 753 comitum

172 815 206 864 et
232 800 400 877 baronum,
418 801 529 887 paucis
555 802 624 887 regi
647 800 792 866 Johanni
819 800 1068 866 adhaerentibus
1113 799 1236 864 Accitis

176 925 283 975 tamen
295 910 493 997 alienigenis,
501 910 638 990 fortiter,
651 911 756 996 quoad
767 912 856 988 vixit,
869 911 988 976 eisdem
998 911 1123 976 restitit.
1169 909 1239 974 Lu-

178 1020 310 1086 dovicus
326 1043 401 1084 vcro
426 1021 517 1105 plura
532 1035 632 1086 castra
655 1022 808 1098 obtinuit,
825 1023 917 1086 Cant.
945 1022 1076 1099 scilicet,
1094 1020 1237 1098 Roseus,

92 1125 94 1131 ’
177 1130 339 1210 London.,
381 1130 533 1210 winton,
561 1132 750 1210 Farneham,
790 1132 942 1209 Odiham,
971 1128 1133 1209 Norwich,
1156 1131 1236 1196 Ore·

177 1241 278 1320 fored,
312 1241 520 1320 Colcscestre,
552 1258 585 1308 et
614 1243 705 1330 plura
734 1237 797 1308 alia
832 1255 934 1307 castra
962 1257 996 1308 et
1031 1245 1239 1308 munitiones.
1279 1249 1282 1260 ¹

180 1351 332 1420 Castrum
358 1353 504 1416 Dovoriae
529 1352 715 1437 aliquandiu
743 1352 878 1430 obsedit,
895 1352 952 1416 sed
980 1353 1061 1418 nihil
1084 1353 1129 1418 ibi
1146 1353 1244 1440 profi..

181 1461 280 1538 ciens,
296 1463 434 1527 recessit.

226 1575 326 1640 Anno
350 1577 449 1661 igitur
471 1575 587 1640 eodem
609 1587 680 1662 post
704 1574 950 1641 celebrationem
977 1574 1134 1662 generalis
1158 1576 1243 1639 Con-

185 1685 251 1749 cilii
265 1686 364 1772 Papae
379 1684 571 1762 Innocentii,
590 1687 675 1770 quod
690 1687 835 1773 proximo
850 1685 1044 1769 praecedenti
1057 1707 1142 1748 anno
1157 1685 1242 1748 cele-

182 1796 294 1874 bravit,
312 1796 422 1860 missus
432 1809 481 1860 est
495 1797 619 1860 Gwallo
635 1797 758 1883 legatus
773 1797 807 1860 in
824 1797 998 1881 Angliam3
1018 1797 1116 1880 ‚cujus
1131 1818 1191 1879 ope
1207 1806 1241 1859 et

184 1907 318 1971 consilio
348 1929 420 1993 pars
458 1906 542 1993 regis
571 1907 711 1972 multum
741 1907 907 1971 meliorata
941 1919 989 1971 est
1020 1919 1053 1971 et
1084 1906 1240 1971 roborata.

188 2018 254 2083 Sed
270 2042 369 2103 quum
385 2041 434 2082 res
448 2019 480 2082 ei
495 2041 560 2082 non
576 2021 746 2082 cessissent
770 2017 812 2082 sd
826 2030 909 2094 vota,
935 2017 1030 2082 taedio
1048 2018 1096 2100 (ut
1111 2015 1248 2100 dicitur)

185 2129 317 2194 affectus
341 2131 406 2195 sive
421 2130 542 2195 accidia
558 2130 829 2206 circumventusl
850 2152 959 2192 mense
976 2128 1120 2205 Octobri,
1136 2129 1239 2193 tribus

188 2239 240 2304 rel
255 2253 391 2324 quatuor
416 2241 529 2305 diebus
555 2240 732 2304 infirmatus
754 2240 842 2316 obiit,
866 2239 934 2303 XV
957 2239 1080 2304 calend.
1106 2237 1244 2304 Novem.

189 2351 276 2438 apud
294 2351 444 2428 Newarln
461 2364 494 2416 et
517 2349 691 2438 Wigomiae
710 2351 852 2438 sepultus
867 2364 924 2428 est,
945 2351 1130 2434 relinquens
1145 2349 1244 2413 lamo·

186 2485 257 2527 sum
273 2463 323 2527 sui
340 2463 479 2540 nominis
495 2463 636 2539 titulum,
657 2462 779 2528 scilicet
800 2462 958 2526 abbatiam
979 2461 1020 2525 de
1033 2460 1125 2525 Bello
1139 2461 1243 2535 loco†

190 2572 319 2638 Ordinis
346 2575 574 2650 Cisterciensis,
602 2595 698 2657 quarn
722 2595 742 2636 a
766 2571 984 2638 fundamentis
1013 2573 1192 2635 construxit
1215 2581 1248 2635 et

191 2685 319 2770 egregie
340 2684 463 2748 ditavit.

237 2796 337 2858 Anno
359 2793 457 2880 igitur
471 2792 585 2857 eodem
612 2792 707 2856 rediit
722 2790 905 2856 Ludovicus
920 2791 953 2858 in
979 2787 1156 2869 Franciam,
1172 2813 1248 2856 con·

192 2902 280 2968 fusus
294 2902 454 2968 decedens
469 2903 508 2966 ab
524 2902 652 2988 Anglia.
697 2901 841 2966 Berones
856 2915 964 2967 tamen
992 2901 1142 2980 Franciae,
1158 2903 1248 2966 inva-

193 3013 307 3078 dentes
333 3012 496 3100 Angliam‚
512 3011 627 3077 eodem
652 3035 737 3077 anno
752 3012 837 3098 apud
862 3013 1033 3078 Sandwich
1060 3013 1113 3079 die
1140 3013 1251 3078 Sancti

193 3123 419 3190 Bartholomaei
443 3123 601 3188 interfecti
627 3136 702 3187 sunt
713 3149 724 3200 3
747 3145 821 3196 cum
848 3124 964 3210 quibus
993 3125 1180 3191 interfectus
1202 3135 1252 3190 est

198 3235 322 3300 Stacius
338 3234 513 3299 monachus
528 3246 677 3316 tanquam
694 3232 761 3298 dux
775 3245 809 3297 et
819 3233 946 3298 illorum
960 3236 1119 3322 princeps.

520 3429 574 3496 Da
596 3448 682 3494 nese
705 3430 862 3495 Hertmco
884 3429 946 3494 III.

238 3569 337 3632 Anno
368 3563 602 3630 Incarnationis
633 3563 814 3628 Dominicae
852 3563 957 3642 MCC
994 3578 1084 3630 sexto
1124 3565 1251 3634 decimo

401 3815 413 3838 θ
427 3813 489 3854 Some
498 3812 579 3851 bouitas
586 3812 706 3862 sarem-hs
714 3813 822 3864 poyronecl
830 3821 874 3855 was
882 3814 905 3853 ιο
913 3809 975 3862 dead,

453 3885 483 3926 Ol
488 3887 594 3935 plummer
603 3897 626 3926 so
636 3887 726 3938 sittying
734 3891 756 3926 at
764 3888 798 3926 his
804 3891 881 3936 mesta,

428 3962 455 4001 In
463 3960 494 4000 th'
502 3963 568 4010 abbey
576 3961 600 4000 of
606 3961 696 4002 craten·
705 3964 727 4002 at
736 3962 893 4011 swynnheaue,

447 4023 846 4088 'wirnwhlchssuonksthenuym
855 4039 980 4088 nonnata.

454 4111 557 4160 (winyng
566 4110 590 4149 οι
597 4111 642 4150 God
651 4114 710 4160 grets
718 4111 799 4152 thanke
807 4116 829 4152 ιο
836 4113 906 4162 geru)

430 4186 460 4226 Ar
469 4186 562 4225 Newerk
571 4185 627 4233 tiled.
635 4189 659 4226 st
668 4187 790 4226 Wuresrter
798 4189 931 4237 sepulturas,

431 4260 458 4300 In
467 4260 586 4302 chronicis·
594 4271 618 4300 aa
626 4261 644 4302 ir
653 4261 740 4312 playnly
749 4262 875 4312 scripturae.
965 4257 1103 4308 Ηηῃῃῑθί
1117 4264 1207 4308 cam,

234 4340 245 4384 l
260 4337 363 4378 Boaulieu
372 4335 395 4376 ln
404 4335 541 4385 Hampshirs.
