3212 5206
300 529 328 568 ⁶2
663 526 791 569 nurtmcl
806 526 845 568 DE
858 526 1005 568 {ILGRAVE
1158 527 1223 578 [AD.
1240 528 1356 570 roll-mc.

300 673 510 738 reuenuetur
523 661 557 725 in
573 660 735 748 Anglium.
774 661 839 726 Sed
848 685 914 727 non
929 663 975 734 sic
987 662 1106 727 malum
1116 663 1254 747 quievit3
1278 687 1354 729 nern

297 789 425 859 semper
454 775 541 840 Dani
569 772 763 860 pullulantes
792 796 950 858 nusquam
980 775 1083 840 caveri
1108 787 1273 861 poterunt3
1296 775 1355 840 sed

299 885 516 958 Occidentalis
524 885 1172 970 provincia,quaevocaturl)eveneschire,
1182 867 1360 965 destrueter,

293 1009 330 1063 et
358 994 487 1061 Exonie
515 997 667 1070 incensa3
705 994 822 1060 Cantia
847 996 1029 1082 depraedata
1041 1023 1050 1074 ;
1072 997 1148 1060 urbs
1171 995 1351 1068 Oentuerie

296 1128 373 1174 cum
384 1106 460 1180 sede
474 1106 698 1193 metroplitane
711 1107 922 1192 conflagrata3
946 1107 981 1170 in
996 1129 1059 1191 qua
1073 1120 1202 1171 sanctus
1226 1105 1348 1193 Elphe-

293 1239 356 1304 gus
377 1217 509 1302 eapitur,
532 1230 566 1281 et
586 1216 711 1281 redimi.
723 1239 789 1289 nou
811 1239 930 1304 passere,
954 1217 1121 1301 lapidatur,
1152 1239 1190 1280 ac
1211 1216 1345 1281 tandem

293 1349 405 1394 uectus
418 1327 634 1410 interficiunt
661 1327 764 1414 Cujus
773 1328 928 1412 sanguine
938 1328 1061 1394 aridum
1072 1327 1197 1414 lignum
1206 1329 1345 1414 rigatum

294 1439 438 1516 reviruit,
452 1451 486 1504 et
500 1439 666 1503 subunius
684 1439 787 1502 noctis
805 1439 906 1525 spetio
927 1437 1074 1506 frondere
1095 1439 1204 1522 coepit.
1267 1437 1344 1512 Quo

291 1549 361 1616 viso
376 1549 464 1614 Dani
480 1550 559 1614 mire
575 1549 803 1636 poenituerunt,
817 1563 852 1613 et
867 1570 991 1614 sacrum
1008 1570 1122 1634 corpus
1138 1547 1359 1612 Londoniem

292 1658 388 1726 evehi
403 1659 578 1744 patiuntur.

337 1757 515 1842 Resederet
530 1771 695 1838 Turlrillus
710 1774 831 1850 Danue,
843 1773 898 1857 qui
907 1774 1010 1838 fuerat
1022 1774 1168 1838 incentor
1182 1767 1218 1837 dt
1231 1772 1352 1857 lapida-

292 1893 383 1946 retur
415 1881 550 1946 Sanctus
576 1881 765 1969 Elphegue3
796 1881 995 1967 habebatque
1024 1881 1204 1947 Orientales
1222 1883 1346 1969 Angloe

289 2011 357 2054 euae
383 1990 540 2056 voluntati
565 2005 722 2076 parentes.
769 1976 1074 2056 Turkillus'interea
1096 2012 1206 2076 regem
1231 1991 1354 2077 patriae

293 2121 360 2164 euae
391 2098 539 2168 Suanum
569 2101 695 2166 nunciis
717 2102 889 2177 accersivit,
915 2101 1007 2166 utin
1038 2101 1188 2190 Angliam
1217 2102 1350 2178 veniret,

293 2210 494 2280 annuncians
509 2212 641 2294 patriam
658 2209 811 2297 optimam
826 2224 859 2275 et
875 2209 999 2297 Regem
1025 2210 1206 2296 Anglorum
1220 2212 1295 2275 vino
1321 2223 1353 2276 et

292 2317 414 2384 Veneri
425 2329 602 2388 vacentem.
651 2313 777 2385 Suanus
791 2343 866 2385 vero
890 2322 1010 2406 primus
1039 2322 1073 2385 in
1096 2321 1285 2409 sanguinem
1311 2343 1351 2386 eo

293 2431 382 2497 venit
396 2431 559 2509 libentius,
575 2444 611 2497 ut
624 2431 773 2498 Gunildis
793 2433 907 2496 sororis
931 2455 997 2498 suae
1026 2455 1140 2497 necem
1164 2433 1349 2509 vindicaret,

292 2565 393 2630 quem
407 2564 482 2608 cum
492 2544 561 2609 viro
576 2567 633 2610 suo
649 2543 784 2630 Palingo
795 2543 931 2608 Edricus
943 2565 1049 2608 comes
1061 2543 1211 2610 decollari
1223 2543 1350 2610 lecerat.

290 2654 388 2725 'runa
411 2677 487 2742 ergo
518 2653 644 2722 Suanus
660 2676 718 2742 per
747 2653 927 2720 Orientales
955 2653 1079 2739 Anglos
1094 2653 1296 2737 proficiscens
1312 2653 1346 2716 in

293 2763 574 2843 Northanimbros,
591 2789 645 2831 eos
659 2768 729 2831 sine
744 2789 853 2854 pugna
868 2789 933 2830 suae
948 2765 1063 2831 ditioni
1086 2764 1237 2842 subdidit,
1254 2787 1345 2828 mox·

289 2897 357 2959 que
389 2876 520 2944 veniens
550 2875 591 2938 ad
619 2875 784 2940 Australes
813 2877 969 2961 regiones,
1003 2875 1278 2941 Ouenefordenees
1314 2885 1348 2940 et

295 2982 533 3048 wintonienses
563 2982 697 3068 subegit.
768 2982 835 3046 Soli
869 3005 945 3047 vero
985 2982 1206 3046 Londinenses
1237 3005 1345 3069 regern

290 3094 472 3182 legitimum
487 3095 571 3160 intra
586 3096 703 3161 moenia
718 3107 867 3173 tutantes,
885 3107 991 3182 portas
1006 3093 1187 3159 clauserunt
1200 3099 1227 3179 Η.
1257 3095 1345 3160 Tan·

290 3207 369 3272 dem
379 3205 515 3284 Suanue,
527 3205 656 3271 dimissa
670 3205 850 3286 Londonia,
861 3206 1053 3272 Bathoniam
1068 3206 1178 3291 petiit3
1202 3207 1248 3270 ibi
1262 3206 1350 3271 enim

293 3315 504 3404 Eglemerius,
515 3316 717 3384 occidentalis
727 3317 896 3404 provinciae
905 3339 1018 3395 comes,
1031 3339 1103 3382 oum
1114 3317 1179 3384 suis
1194 3315 1353 3394 omnibus,

289 3429 363 3515 ejus
391 3429 428 3493 iu
455 3429 602 3494 menibus
628 3449 662 3494 se
688 3429 859 3495 commisit,
914 3427 986 3493 Nec
1010 3429 1115 3494 adhuc
1145 3427 1351 3493 flecterentur

292 3533 546 3615 Londouienses,
562 3538 624 3602 nisi
639 3559 693 3602 eos
709 3537 900 3602 Ethelredus
916 3559 973 3602 rex
995 3561 1052 3602 ena
1072 3537 1260 3602 destitueret
1273 3557 1352 3620 pre-

295 3647 425 3722 sentiaz
458 3669 534 3724 nam
549 3646 747 3711 obsidionem
772 3647 887 3711 timens
911 3647 981 3712 illos
1002 3647 1141 3735 reliquit,
1160 3647 1241 3712 etin
1265 3647 1351 3731 Nor·

296 3755 462 3823 manniam
495 3756 665 3840 navigavit.
718 3756 847 3828 Suanos
880 3757 1004 3822 interes
1029 3739 1171 3822 inissem
1202 3757 1351 3844 Angliem

289 3866 410 3956 rapinis
436 3879 469 3934 et
500 3867 643 3942 eaedibut
670 3867 812 3954 urgebat.
870 3867 935 3940 Sed
957 3867 1089 3948 tandem
1114 3866 1223 3940 divina
1250 3867 1353 3955 gratia

321 4065 332 4113 ς
347 4064 458 4114 Εῐῃὶιεςυι
466 4065 488 4104 in
498 4074 605 4104 carcerem
619 4064 742 4106 detruditur
755 4066 813 4115 apud
826 4064 1004 4112 ermanlenus}
1017 4075 1056 4116 per
1068 4063 1112 4105 vn
1125 4071 1211 4105 menses
1224 4064 1291 4105 verde
1305 4075 1352 4104 cru·

299 4131 369 4180 cletus
376 4131 496 4180 tormentis,
504 4132 592 4172 undem
601 4131 721 4172 mentium
728 4133 830 4172 manibus
837 4132 951 4182 laniemur.

322 4203 331 4250 fl
346 4199 372 4240 Δ.
382 4199 409 4238 Ι).
419 4200 465 4240 994.
493 4197 566 4238 “This
580 4208 631 4249 year
644 4209 692 4239 cem
705 4199 783 4240 delati
795 4199 838 4238 and
852 4198 971 4246 sneyneto
986 4195 1082 4245 tondeo,
1091 4196 1144 4237 etth
1156 4196 1208 4238 tour
1221 4196 1264 4238 eud
1276 4197 1352 4246 ninsty

293 4271 362 4330 ³n1pn.
398 4265 448 4307 And
456 4265 507 4314 they
520 4264 599 4314 closely
606 4265 705 4314 besieged
716 4265 753 4306 the
761 4265 813 4314 asty,
821 4266 864 4305 and
873 4265 944 4306 would
952 4263 996 4305 talu
1005 4265 1061 4304 heve
1070 4266 1104 4304 eet
1117 4263 1135 4304 lt
1143 4273 1173 4304 cn
1181 4264 1232 4311 flre;
1253 4265 1293 4304 but
1300 4263 1352 4309 ther

289 4336 406 4380 amulred
414 4343 474 4374 more
482 4333 544 4372 hum
553 4333 596 4372 end
604 4332 649 4373 evil
657 4332 710 4374 man
716 4333 767 4383 they
774 4341 824 4374 ever
831 4332 937 4382 nomed
946 4329 993 4372 thet
1000 4329 1136 4380 annonam
1144 4329 1208 4372 corde
1215 4329 1285 4371 tnfflct
1292 4339 1350 4380 upon

294 4403 378 4449 them.”
406 4403 462 4443 sn.
471 4399 560 4440 curer.
1399 4403 1401 4410 ·
