3212 5206
342 489 363 530 ra
707 487 833 532 narrator
848 493 888 532 nn
901 483 1047 534 srtouavn
1315 493 1352 542 [r.
1364 491 1392 533 u,

336 630 368 691 in
414 625 612 702 Suthereia,†
639 648 710 710 quac
739 626 910 712 aliquando
934 627 1045 691 habuit
1070 627 1231 713 proprium
1262 649 1391 715 regem;

336 750 467 824 eratque
480 735 573 800 sedes
582 737 769 824 episcopalis
779 738 812 800 in
828 736 984 826 Seleseya,
998 750 1124 822 quaeest
1137 736 1241 802 insula
1260 739 1395 803 circum·

341 848 417 911 data
443 861 553 933 ponto,
569 847 747 912 comodum
765 847 899 925 Bedam‚
913 848 970 912 ubi
985 849 1098 912 beatus
1122 847 1288 912 wilfridus
1305 871 1398 914 mon-

340 958 489 1022 asterium
508 957 693 1022 construxit.
740 956 840 1022 Nunc
854 971 963 1022 autem
989 971 1037 1024 cat
1051 957 1143 1022 sedes
1157 959 1298 1046 episcopi
1309 957 1396 1046 apud

342 1067 539 1133 cicestriam.
553 1067 647 1132 idem
658 1089 713 1132 rex
725 1067 949 1132 dominabatur
963 1068 998 1132 in
1009 1067 1348 1156 Suthhamptonscbirc
1363 1083 1398 1136 ct

342 1177 613 1265 Suthereyschire,
629 1178 744 1263 quibus
758 1191 806 1244 eat
820 1179 986 1266 episcopus
1002 1178 1242 1244 wintoniensis.
1305 1180 1399 1246 Idem

339 1312 395 1354 rex
410 1290 634 1354 dominabatur
649 1293 683 1354 iu
701 1290 995 1368 Sumersetcacbire,
1011 1292 1102 1378 cujus
1116 1290 1403 1379 sedesepisoopalio

342 1400 419 1465 olim
430 1414 498 1466 erat
509 1401 594 1487 apud
612 1400 812 1486 Wcllea,qnae
825 1423 913 1466 nnnc
928 1414 978 1466 est
993 1401 1401 1468 Bathonioe.1demrexdo·

341 1511 523 1576 minabatur
538 1512 571 1575 in
596 1511 835 1577 Devoneschire
849 1526 882 1577 et
898 1512 1069 1590 cornubia,
1094 1535 1165 1597 quae
1190 1533 1278 1578 nunc
1295 1512 1398 1578 Corn*

342 1623 445 1710 wayla
473 1622 599 1688 dicitur.
668 1622 834 1708 Erantque
855 1637 945 1704 tunc,
964 1623 1167 1718 episcopatus
1196 1646 1282 1690 unua
1311 1621 1398 1712 apud

344 1734 554 1811 Credintone,
570 1734 648 1799 alter
667 1733 754 1821 apud
771 1735 926 1800 Sanctum
944 1734 1163 1813 Germanum3
1180 1738 1198 1819 ss
1219 1758 1307 1803 nunc
1322 1759 1402 1824 quo-

342 1868 404 1930 que
417 1859 464 1910 est
478 1865 563 1910 unna
574 1845 719 1912 Exoniae.
734 1845 805 1911 Rex
816 1845 924 1932 itaque
939 1845 1206 1912 West-Saxouum
1215 1847 1402 1914 dominaba⁴

343 1972 395 2020 tur
406 1979 501 2040 super
516 1978 631 2020 novem
643 1956 769 2032 schiras,
786 1974 857 2038 quoe
868 1955 1052 2020 Comitatus
1064 1957 1224 2023 dicuntur.

607 2065 664 2128 Da
680 2065 834 2128 Raaraus
850 2064 1138 2131 wisa-Saxona.

388 2176 517 2264 Regum
533 2174 799 2242 uest-Saxonum
814 2174 935 2262 primus
949 2174 1011 2242 fuit

388 2287 414 2350 1.
439 2286 613 2363 Cerdicius,
629 2285 685 2372 qui
700 2307 802 2370 quum
816 2297 899 2350 esset
914 2285 1058 2351 decimus
1072 2286 1179 2352 abillo
1194 2309 1312 2376 magno
1322 2289 1401 2356 Wo-

343 2398 417 2473 den,
443 2416 518 2461 cum
541 2397 681 2482 quinque
710 2409 836 2460 tantum
862 2396 998 2462 navibus
1023 2397 1057 2460 in
1081 2396 1283 2466 Britanniam
1309 2399 1398 2465 venit

345 2530 428 2573 anno
458 2507 620 2572 Incarnati
650 2503 751 2572 Verbi
782 2505 1097 2592 quadringentesimo
1121 2509 1274 2576 vicesimo
1307 2531 1399 2596 quar-

346 2621 412 2697 tait
426 2631 499 2706 post
509 2618 633 2683 obitum
644 2617 797 2704 chgisti
806 2639 890 2682 auno
903 2630 1040 2705 octavo..
1071 2619 1103 2684 A
1115 2618 1301 2686 Britonibus
1313 2621 1400 2686 illico

345 2731 429 2796 bello
454 2743 611 2817 receptam,
634 2729 691 2796 sed
711 2728 825 2795 iisdem
844 2728 978 2794 viriliter
997 2728 1081 2795 bello
1101 2732 1257 2809 maistans,
1268 2731 1398 2798 eosdem

346 2841 464 2906 devicit
493 2854 526 2905 et
555 2841 686 2928 fugavit.
732 2841 810 2906 Post
831 2840 1005 2906 adventurn
1028 2863 1123 2908 suum
1144 2865 1230 2908 anno
1252 2843 1404 2908 vicesimo

347 2957 470 3036 quarto,
487 2951 520 3014 in
536 2949 723 3014 occidentali
739 2961 827 3034 parte
843 2948 967 3024 insulae,
983 2972 1081 3035 quam
1096 2951 1143 3014 illi
1168 2947 1404 3021 West-Saxiam

346 3076 472 3141 vocant,
489 3060 708 3126 monarchiam
718 3058 863 3144 adeptus,
879 3080 998 3123 nomen
1014 3059 1074 3124 sibi
1089 3060 1214 3146 regium
1230 3063 1406 3149 usurpavit,

345 3189 379 3241 et
394 3173 557 3263 paulatim,
569 3171 625 3236 sed
637 3169 770 3236 viriliter
780 3161 991 3251 succicscens,
1006 3170 1099 3236 annis
1116 3170 1277 3238 sexdecim
1291 3193 1404 3260 regua-

349 3288 442 3352 vitet
459 3285 547 3351 obiit.

394 3397 439 3463 II.
464 3396 634 3473 Kenri'cus,
650 3395 734 3460 filius
749 3396 828 3482 ejus,
852 3394 882 3460 ei
903 3395 1054 3460 successit
1068 3395 1103 3460 in
1124 3416 1271 3481 regnum,
1287 3409 1409 3484 etpost

351 3533 451 3574 annos
467 3508 578 3594 viginti
593 3529 650 3572 sex
659 3507 829 3572 defunctus
840 3519 896 3572 est.

396 3617 458 3683 III.
484 3617 667 3694 Ceaulinus,
682 3615 765 3682 filius
779 3617 858 3701 ejus,
881 3615 1031 3681 successit
1057 3616 1087 3682 ei
1100 3616 1135 3680 in
1151 3636 1295 3704 regnum.
1343 3617 1411 3684 Hic

353 3748 421 3795 erat
430 3729 544 3815 Anglis
553 3727 684 3814 stupori,
700 3727 885 3792 Britonibus
893 3727 979 3806 odio,
990 3726 1132 3793 utrilibet
1142 3728 1326 3815 supplicioss
1375 3731 1407 3794 A

344 3853 366 3860 ff
407 3898 516 3944 esurrey.
669 3885 1305 3941 'tSt.German'oonthorouthcaaterncoaatotcorrruall.

407 3965 422 4004 t
437 3965 501 4002 Some
509 3961 625 4000 historiam
632 3961 691 4008 place
700 3959 736 3998 tha
744 3957 822 3998 arrival
830 3957 855 3998 ot
860 3958 934 3999 cerdic
941 3959 964 3998 tn
974 3960 1001 3998 A.
1011 3960 1038 4000 D.
1048 3961 1093 4000 too.

408 4032 417 4074 lt
427 4028 549 4068 “Kenrirus
559 4037 598 4066 rex
606 4028 785 4066 west-Saxonum
793 4026 845 4066 obiit
852 4031 909 4066 auno
919 4028 962 4066 5⁵9.
971 4027 1086 4067 coaulinut
1094 4026 1153 4067 itlius
1162 4029 1208 4076 elus
1217 4028 1320 4068 successit
1329 4027 1410 4068 xxm
