3252 5170
354 549 417 610 150
794 565 967 610 menaeus

355 717 460 804 Super
473 725 613 801 gentem,
631 735 701 798 quae
717 713 755 778 ad
773 715 972 780 occidentem
990 713 1131 779 Sabrinae
1150 716 1252 780 antnis
1273 716 1409 794 habitat,

352 840 401 894 est
416 825 572 891 Walostat
586 825 771 934 episcopus:
797 824 835 889 In
852 826 1014 912 provincia
1029 824 1275 891 Liadisfarorum
1290 825 1406 922 Cyne-

351 938 469 1004 bertus.
515 933 619 1001 Vecta
632 934 733 1001 insula
744 934 784 1001 ad
800 935 969 1000 Danielem
990 936 1175 1021 episcopum
1197 934 1313 1004 Ventae
1331 959 1406 1024 per-

353 1039 454 1106 tinet:
478 1051 511 1104 et
527 1037 690 1124 provincia
708 1009 906 1102 Australiunl
924 1036 1089 1112 Saxonum
1100 1039 1168 1123 jam
1180 1037 1302 1122 aliquot
1312 1039 1409 1104 anuis

351 1148 420 1214 siue
435 1149 584 1235 episcopo
598 1147 737 1212 eundern
760 1146 881 1212 incolit.

397 1259 465 1324 Sub
479 1280 554 1345 rege
570 1280 645 1324 vero
662 1257 843 1323 Ceolwulfo
856 1269 931 1322 sunt
947 1269 1086 1342 quatuor
1100 1258 1259 1344 episcopi:
1284 1257 1403 1326 wilfri-

348 1370 408 1437 dus
419 1370 637 1447 Eboracensis,
648 1368 866 1434 Ethelwaldus
879 1367 1157 1444 lindisfarnensis,
1170 1368 1259 1432 Acca
1271 1367 1403 1456 Hagus-

349 1479 510 1559 taldensis,
526 1478 695 1545 Witelmus
708 1479 743 1543 in
759 1477 904 1543 Candida
918 1497 1000 1554 casa‚·
1016 1499 1087 1562 quae
1104 1499 1207 1565 nuper
1218 1479 1402 1565 pontificata

353 1611 448 1678 psum
464 1589 603 1677 primum
618 1589 716 1655 habet
732 1588 917 1654 antistitem.

392 1699 465 1766 Rex
478 1721 553 1765 vero
570 1699 660 1765 Kent
672 1711 720 1764 est
732 1699 911 1764 Edbertus:
929 1720 985 1763 rex
1001 1698 1175 1763 Westsexae
1187 1696 1399 1766 Ethelredus:

345 1833 401 1876 rex
413 1808 647 1896 Estanglorum,
666 1808 814 1874 Selredus
830 1833 838 1874 ε
854 1831 912 1873 rex
926 1808 962 1873 N
962 1809 1166 1874 orthumbriae
1181 1809 1396 1878 Ceolwulfus:

345 1942 402 1987 rex
414 1920 544 1986 Merciae
559 1919 769 1986 Ethelbaldus
784 1919 939 1984 maximus
955 1920 1119 1998 omnium3
1142 1941 1227 1985 anno
1241 1921 1398 1990 adventus

344 2029 523 2116 Anglorum
537 2029 663 2093 circiter
677 2028 897 2092 ducentesimo
912 2028 1128 2112 octuagesimo
1143 2041 1274 2095 octavo:
1301 2029 1397 2098 Anno

344 2140 525 2206 Dominicae
546 2139 770 2204 incarnationis
786 2138 1067 2224 septingentesimo
1098 2139 1258 2224 trigesimo
1276 2153 1398 2224 quarto,

343 2252 380 2316 in
394 2252 484 2337 cujus
511 2271 611 2335 regno
628 2261 784 2336 perpetuo
806 2247 931 2312 exultet
950 2259 1082 2314 terrast
1104 2248 1344 2334 congratulante
1363 2250 1399 2314 in

344 2360 410 2425 fide
425 2361 494 2446 ejus
509 2359 684 2435 Britannia,
700 2357 848 2423 laetentur
864 2355 975 2422 insulae
996 2357 1105 2424 multae
1132 2371 1166 2424 et
1186 2359 1398 2424 confiteantur

343 2468 505 2535 memoriae
519 2467 693 2532 sanctitatis
713 2466 790 2552 ejus.

283 2711 287 2720 ¹
387 2692 478 2758 Beda
491 2693 525 2756 in
542 2691 673 2779 prologo
689 2689 916 2759 Ecclesiasticus
932 2691 1101 2758 Historia:
1136 2693 1221 2757 Vera
1234 2691 1396 2759 lexhisto-

345 2803 400 2868 riae
415 2809 475 2880 est,
491 2802 676 2890 simpliciter
691 2803 725 2867 id
748 2800 836 2889 quod
854 2801 938 2868 fama
958 2802 1107 2890 vulgante
1128 2801 1297 2890 colligitur,
1319 2803 1395 2868 scri·

344 2912 452 2978 bendo
466 2913 599 2999 posteris
613 2912 787 2978 notificare.

388 3024 580 3090 ceolwulfus
598 3046 654 3090 rex
685 3022 900 3091 nobilissimus
930 3025 1169 3092 Northumbriae
1198 3027 1393 3093 nobilissime

344 3134 432 3200 fecit.
455 3135 566 3201 Quum
575 3135 660 3198 enim
670 3135 790 3206 virenti
806 3134 901 3202 Bedae
912 3158 995 3222 saepe
1010 3136 1254 3223 colloqueretur,
1269 3149 1303 3202 et
1311 3158 1395 3224 saepe

344 3257 418 3310 ante
434 3256 570 3310 mortem
585 3246 653 3331 ejus
672 3257 785 3332 etpost
797 3258 932 3310 mortem
943 3246 1105 3311 historiam
1120 3248 1188 3332 ejus
1200 3246 1240 3311 ad
1253 3268 1286 3311 se
1295 3247 1393 3333 scrip·

344 3366 411 3420 tam
436 3353 536 3420 oculis
560 3353 724 3421 adhiberet
749 3356 846 3442 coepit
860 3354 1030 3440 diligenter
1051 3355 1249 3442 singulorum
1264 3357 1348 3421 facta
1361 3367 1394 3420 et

345 3465 444 3530 finem
460 3486 568 3530 secum
584 3465 753 3531 discutere.
776 3463 932 3551 viditque
947 3465 1018 3530 luce
1033 3465 1146 3531 clarius
1156 3488 1254 3553 regna
1269 3477 1395 3532 terrena

345 3587 380 3640 et
393 3596 443 3640 res
457 3574 613 3640 humanas
624 3597 697 3640 curn
715 3576 822 3641 labore
834 3576 989 3663 perquiri,
1010 3597 1084 3641 oum
1106 3577 1220 3641 timore
1231 3575 1395 3661 possideri,

343 3682 551 3751 cumdolore
575 3685 687 3750 amitti.
736 3686 848 3761 Quum
873 3708 949 3772 ergo
973 3709 1069 3772 parvo
1089 3687 1200 3774 spatio,
1225 3687 1248 3752 i.
1264 3708 1292 3750 e.
1317 3696 1392 3751 octo

344 3794 446 3871 annis,
476 3807 648 3881 regnasset,
672 3794 832 3881 reliquum
856 3794 969 3861 saltem
990 3797 1064 3861 vitae
1078 3818 1155 3875 suae,
1171 3818 1237 3861 non
1253 3816 1392 3862 erroneae

344 3903 496 3980 stultitiae,
520 3903 577 3968 sed
591 3904 754 3989 sapientiae
769 3918 802 3970 et
816 3905 946 3971 utilitati
970 3906 1107 3993 propriae
1120 3906 1224 3972 dicare
1249 3904 1392 3971 certarit.

344 4013 601 4101 Exemplumque
612 4036 775 4081 assumens
785 4037 826 4079 ex
840 4015 970 4081 historia
984 4016 1069 4080 beati
1084 4016 1143 4080 viri
1158 4015 1317 4101 praedicta,
1333 4037 1390 4080 sex

341 4145 432 4210 reges
445 4122 627 4188 fortissimos
642 4146 714 4190 vere
738 4123 927 4189 fortissimus
949 4125 1169 4210 prosequitur:
1194 4124 1314 4190 scilicet
1337 4145 1386 4188 re-

339 4255 414 4321 gem
440 4232 648 4300 Ethelredum
673 4234 815 4312 Merciae,
831 4239 863 4298 et
880 4233 1068 4299 Kenredum
1084 4255 1294 4302 successorem
1311 4233 1387 4318 ejus,
