3212 5206
218 484 244 524 Δ.
259 484 286 524 D.
300 484 403 533 965-910.]
665 482 844 524 cusculcou.
1243 481 1267 521 ⁵7

216 621 264 684 At
283 639 352 696 rex,
377 620 515 688 frontem
537 641 685 685 serenam
702 618 884 698 ostendens,
902 617 977 684 duci
999 617 1082 682 dixit
1103 617 1210 682 eidem
1233 639 1266 682 se

214 729 297 794 velle
311 729 418 796 videre
445 752 528 795 eam.
574 729 681 805 Quam
700 751 802 815 quum
820 730 960 808 vidisset,
983 730 1018 794 in
1036 731 1104 816 ejus
1126 749 1268 794 amorem

215 841 338 920 incidit,
367 854 400 905 et
429 841 503 906 odio
533 839 739 918 dissimulato,
763 841 915 906 comitem
937 839 972 904 in
994 838 1104 903 silvam
1127 836 1268 904 venandi

216 950 317 1036 gratia
331 951 452 1027 accivit,
464 949 635 1036 jaculoque
651 949 825 1015 transfodit.
872 947 938 1014 Ubi
961 971 1061 1034 quum
1077 948 1159 1014 filius
1174 947 1269 1013 occisi

215 1061 458 1146 supervenisset,
473 1082 576 1146 arege
599 1053 822 1148 interrogatur,
839 1058 979 1144 qualiter
990 1049 992 1054 ⁵
1002 1060 1033 1123 ei
1057 1058 1127 1123 talis
1142 1059 1269 1122 venatio

217 1171 366 1256 placeret.
423 1170 613 1256 Respondit,
631 1170 763 1250 “Bene,
779 1169 929 1248 domine3
962 1171 1048 1255 quod
1078 1170 1136 1234 tibi
1165 1168 1271 1256 placet

216 1281 295 1344 mihi
310 1281 475 1367 displicere
486 1303 552 1345 non
568 1281 692 1350 debet.”
738 1281 814 1356 Quo
823 1281 910 1346 dicto
932 1281 1013 1344 nihil
1034 1281 1138 1344 carius
1158 1279 1271 1344 habuit

216 1391 250 1454 in
262 1391 327 1454 vita
341 1413 398 1456 sua
411 1413 468 1456 rex
483 1413 579 1476 quam
593 1393 747 1478 juvenem
759 1390 858 1456 illum.
905 1389 1027 1457 Iterum
1041 1385 1109 1469 rer,
1133 1389 1269 1455 audiens

217 1501 384 1586 eujusdam
390 1501 526 1586 virginis
536 1502 609 1566 Deo
621 1500 734 1568 dicatae
745 1501 1025 1588 pulchritudinem,
1036 1523 1108 1565 eam
1117 1501 1274 1569 violenter

218 1635 237 1676 a
260 1612 452 1676 monasterio
481 1612 644 1692 abstraxit,
668 1613 922 1696 abstractamque
942 1612 1070 1677 violavit
1081 1638 1092 1692 3
1123 1611 1181 1676 sed
1204 1631 1273 1676 ccr-

218 1736 329 1809 reptus
345 1745 377 1798 ,a
405 1724 500 1787 beato
525 1724 705 1799 Dunstan0,
732 1737 923 1809 septennem.
949 1723 1173 1809 poenitentiam
1202 1745 1274 1806 per-

219 1835 292 1920 egit
389 1833 531 1897 Veniens
574 1835 689 1896 iterum
732 1835 803 1898 Rex
860 1833 1005 1920 Edgarus
1047 1833 1273 1910 Andeveriam,

220 1942 386 2030 cujusdam
398 1942 489 2007 ducis
500 1929 598 2006 filiam
609 1941 774 2028 pulchram
784 1943 878 2007 nimis
903 1945 963 2010 sibi
983 1943 1098 2008 adduci
1114 1944 1274 2030 praecepit.

218 2056 265 2118 At
285 2067 388 2118 mater
409 2052 525 2139 puellae
548 2051 645 2116 filiam
669 2075 758 2117 suam
781 2054 826 2118 sie
848 2055 1056 2120 concubinari·
1075 2054 1196 2132 nolens
1220 2076 1275 2118 an·

219 2163 326 2228 cillam
340 2185 431 2228 suam
445 2164 519 2227 satis
535 2162 681 2228 decoram
703 2163 772 2229 loco
787 2165 857 2230 filiae
881 2166 950 2251 regi
964 2166 1137 2250 supposuit
1174 2164 1272 2228 Facto

220 2295 324 2350 mane,
354 2272 470 2338 mulier
499 2274 635 2338 surrexit
664 2288 697 2338 et
725 2276 807 2360 regis
834 2275 968 2360 pedibus
1003 2275 1180 2360 provoluta,
1219 2297 1276 2360 pro

222 2385 366 2450 mercede
379 2384 532 2449 connubii
547 2407 566 2448 a
581 2384 673 2472 Rege
683 2385 863 2469 imploravit
873 2387 1115 2473 ingenuitatem.
1152 2385 1200 2450 At
1214 2409 1270 2451 rex

222 2517 239 2558 a
266 2494 517 2559 dominatoribus
544 2495 639 2578 tuis,‡
656 2495 774 2560 vellent
788 2494 929 2572 nollent,
946 2519 1021 2560 mox
1042 2496 1183 2562 reddidit
1200 2518 1272 2560 eam

222 2605 417 2690 ingenuam3
465 2626 599 2688 eamque
641 2606 701 2668 sibi
730 2606 915 2671 connubiali
944 2606 1064 2670 foedere
1095 2608 1276 2692 conjunxit,

223 2715 325 2780 donec
341 2714 497 2779 Elfridem
507 2714 604 2778 filiam
621 2713 758 2800 Ordgari
780 2715 870 2778 ducis
888 2715 1010 2800 accepit
1027 2738 1170 2780 uxorem.
1226 2718 1278 2782 De

224 2849 288 2910 qua
297 2827 409 2913 genuit
421 2823 642 2902 Edmundum,
658 2825 714 2908 qui
729 2838 802 2889 ante
813 2839 936 2911 patrem
952 2825 1095 2903 decessit,
1111 2839 1145 2892 et
1167 2825 1279 2892 Ethel-

223 2935 338 3000 redum
348 2934 403 3020 qui
418 2946 490 3020 post
504 2956 580 2998 eum
595 2935 749 3021 regnavit.

268 3045 343 3110 Rex
353 3045 514 3133 siquidem
525 3045 661 3129 quadam
672 3045 724 3110 die
734 3047 866 3111 veniens
877 3049 910 3110 in
919 3047 1034 3112 saltum
1046 3048 1086 3112 ad
1095 3047 1279 3114 venandum

227 3180 301 3223 cum
325 3157 427 3237 sociiS,
450 3156 492 3222 ad
504 3156 717 3241 insequendas
731 3157 813 3220 feras
828 3157 986 3244 dispersiS,
1010 3157 1096 3227 solus
1114 3160 1278 3237 remansit,

225 3291 263 3333 ac
289 3290 400 3333 somno
423 3279 570 3354 gravatus
597 3267 744 3331 incubuit
760 3269 818 3331 sub
840 3268 977 3352 quadam
995 3271 1116 3345 arbore,
1139 3270 1198 3334 sub
1221 3291 1285 3353 qua

226 3381 313 3444 rivus
328 3401 418 3464 aquae
436 3379 540 3443 fluens
563 3379 720 3442 currebat.
766 3377 834 3442 Ubi
854 3381 940 3442 canis
963 3379 1093 3444 femella
1118 3402 1285 3466 praegnans

226 3492 268 3557 ad
281 3491 379 3576 pedes
394 3493 463 3577 ejus
478 3489 641 3565 decubuit,
657 3489 748 3574 cujus
763 3488 885 3553 catulos
896 3489 961 3574 ipse
982 3491 1018 3552 in-
1037 3492 1149 3555 matris
1169 3504 1285 3556 ventre

227 3603 378 3668 latrantes
407 3601 537 3667 audivit.
565 3636 569 3646 ·
616 3597 715 3664 Unde
744 3600 930 3684 perterritus
963 3602 1128 3686 conspexit
1156 3603 1287 3666 summi-

229 3726 295 3778 tate
311 3713 430 3778 arboris
453 3710 599 3777 cadentia
613 3710 679 3775 duo
694 3733 789 3796 poma
803 3712 837 3776 in
852 3711 983 3777 flumen.
1031 3714 1178 3779 Quorum
1188 3714 1289 3779 collu-

229 3825 318 3890 sione
333 3845 396 3890 vox
411 3822 574 3887 articulata
588 3822 739 3901 insonuit,
752 3822 871 3900 dicens,
891 3825 955 3888 Wet
978 3828 1003 3888 is
1025 3835 1062 3890 te.
1106 3825 1174 3890 Nee
1189 3825 1291 3891 multo

229 3948 302 4024 post
331 3934 416 3999 vidit
445 3933 480 3996 in
509 3954 592 4018 aqua
620 3932 784 3996 urceolum
813 3956 960 4018 vacuum,
989 3948 1021 3999 et
1050 3956 1181 4000 urceum
1210 3959 1293 4021 aqua

231 4038 375 4123 plenum.
422 4035 487 4103 Qui
499 4035 627 4100 urceolo
651 4037 765 4120 saepius
785 4036 967 4123 impingens
992 4050 1030 4102 ut
1052 4061 1168 4122 aquam
1190 4062 1292 4104 vacuo

232 4147 428 4223 infunderet,
452 4145 533 4210 nihil
555 4145 698 4231 profecit,
722 4145 779 4210 sed
801 4168 927 4232 semper
948 4171 1066 4213 vacuus
1094 4151 1236 4227 recessit,
1257 4164 1290 4214 et

266 4299 277 4345 1
291 4297 324 4337 ‘A
332 4293 573 4345 commurmuratus:
581 4293 618 4336 the
627 4304 713 4336 ovuerr
722 4295 744 4336 ot
751 4295 788 4336 the
796 4305 869 4346 young
876 4295 955 4337 female
964 4296 1030 4338 slave.
