3212 5206
342 491 367 538 rr
613 477 617 486 '
698 491 823 536 narrum
840 494 879 534 na
894 492 1043 536 srnaaava
1271 492 1395 543 [anua

339 653 449 717 regno,
484 630 614 696 fratrem
650 644 683 695 et
709 631 811 696 filium
837 631 924 696 misit
959 633 995 696 in
1025 629 1225 716 aquilonares
1268 630 1398 696 Britan-

340 743 403 807 niae
411 755 524 829 partes,
538 743 634 826 quiin
647 741 878 807 Northumbria
886 741 1053 829 plurimam
1063 765 1209 828 agrorum
1220 744 1397 828 portionem

342 868 558 940 susceperunt,
574 866 611 918 ut
621 855 660 919 ab
672 855 794 919 oriente
813 853 950 918 simulet
961 853 1126 919 occidente
1138 853 1271 918 viriliter
1289 855 1397 919 hostes

340 988 360 1028 a
381 987 455 1050 rege
479 965 677 1049 repellerent
712 967 835 1029 Verum
858 987 959 1051 quum
982 963 1079 1050 Angli
1089 977 1122 1028 et
1146 963 1286 1029 Saxones
1309 963 1392 1030 Vor-

340 1078 491 1142 timerum
513 1076 595 1162 regis
618 1075 801 1163 Vortigerni
825 1076 928 1140 filium
949 1077 1084 1140 unicum
1105 1077 1260 1142 haberent
1297 1099 1394 1142 aemu·

339 1188 417 1268 lum,
441 1201 554 1274 quater
576 1210 651 1252 cum
671 1187 783 1252 eodem
805 1187 952 1274 praelium
963 1188 1200 1264 commiserunt,
1217 1201 1250 1252 et
1265 1188 1396 1252 tandem

338 1298 463 1364 Horsus
487 1300 606 1364 occisus
627 1311 676 1363 est
686 1326 696 1378 3
719 1313 752 1364 et
772 1299 972 1364 Vortimerus
994 1322 1060 1363 non
1076 1298 1177 1364 multo
1198 1313 1270 1386 post
1287 1299 1392 1386 periit.

339 1410 517 1497 Hengistus
561 1412 666 1498 igitur,
704 1411 798 1476 fratre
853 1411 1032 1488 destitutus
1076 1433 1175 1497 quum
1213 1424 1295 1475 esset
1326 1432 1398 1475 acer

338 1522 470 1609 ingenio
485 1536 518 1587 et
535 1522 637 1588 alacer
651 1526 686 1588 in
707 1524 824 1610 praelio,
840 1523 880 1588 de
896 1525 1110 1610 compatriotis
1124 1525 1188 1588 suis
1203 1536 1396 1588 armatorum

340 1635 466 1720 copiam
480 1635 583 1722 primo
598 1635 631 1699 iu
648 1649 720 1700 octo
735 1649 768 1701 et
778 1635 891 1700 decem
906 1637 1047 1714 navibuS,
1063 1635 1179 1700 deinde
1195 1636 1230 1699 in
1245 1635 1395 1699 trecentis

337 1746 471 1810 navibus
491 1747 526 1810 in
547 1747 746 1811 Britanniam
766 1748 912 1824 vocavit;
946 1747 1120 1832 fraudeque
1140 1748 1270 1812 suborta
1284 1768 1392 1833 regem

341 1853 565 1943 Vortigernum
592 1880 666 1922 cum
682 1859 832 1923 trecentis
846 1858 1055 1923 nobilioribus
1088 1858 1259 1923 Britonum
1282 1857 1395 1921 invitat

337 1965 378 2032 ad
392 1966 573 2052 prandium,
589 1968 650 2044 vel,
666 1982 703 2032 ut
719 1969 885 2033 Galfredus
900 1970 1019 2042 asserit,
1036 1968 1075 2034 ad
1091 1968 1304 2052 colloquium3
1337 1967 1391 2032 da·

337 2089 434 2164 toque
455 2079 557 2162 signo,
580 2100 678 2161 quum
697 2078 903 2142 incaluissent
922 2101 1019 2154 mero,
1030 2078 1165 2162 litesque
1177 2092 1389 2155 consererent,

337 2188 486 2254 Britones
501 2213 520 2254 a
536 2189 716 2254 Saxonibus
732 2190 903 2274 perierunt.
928 2188 1002 2253 Rex
1020 2190 1115 2253 etiam
1126 2202 1237 2276 captus
1252 2203 1317 2266 est3
1335 2190 1391 2254 sed

336 2299 418 2364 datis
435 2301 536 2365 tribus
551 2300 730 2386 provinciis,
746 2299 925 2364 libertatem
935 2300 1073 2366 redemit
1091 2313 1124 2365 et
1150 2301 1254 2365 vitam.
1325 2300 1388 2366 Sed

335 2412 505 2499 postmodo
529 2413 569 2476 ab
593 2411 728 2476 Aurelio
746 2411 926 2490 Ambrosio,
945 2411 1150 2477 Constantini
1166 2415 1298 2478 minoris
1313 2413 1389 2491 filio,

337 2546 432 2609 quem
448 2522 596 2588 Britones
620 2524 654 2587 in
679 2545 789 2610 regem
815 2536 991 2602 erexerant,
1017 2526 1050 2588 in
1077 2523 1225 2588 Walliam
1254 2524 1391 2612 fugatus,

336 2635 370 2698 in
393 2649 496 2701 castro
519 2634 719 2701 Herefordiae
745 2636 899 2713 obsessus,
924 2636 998 2722 igne
1023 2634 1153 2700 tandem
1180 2649 1389 2722 consumptus

334 2746 486 2833 interiitq
533 2747 712 2833 Hengistus
726 2746 788 2811 hoc
810 2745 953 2827 audiens,
969 2746 1003 2810 in
1018 2745 1280 2811 Northumbriam
1295 2744 1388 2832 fugit.

335 2855 443 2932 Quem
477 2857 629 2921 Aurelius
661 2859 832 2944 insequens
862 2858 939 2921 vicit
961 2870 993 2921 et
1024 2859 1119 2943 cepit.
1165 2855 1264 2922 Hunc
1280 2870 1388 2921 tamen

333 2967 506 3044 Eldadus,*
516 2968 681 3053 episcopus
693 2969 956 3044 Gloucestrensis,
966 2970 1095 3031 intuens
1104 2970 1206 3053 capite
1220 2968 1387 3044 truncavit,

332 3079 478 3164 exemplo
503 3077 658 3143 Samuelis
680 3078 853 3165 prophetae,
877 3078 933 3164 qui
956 3078 1059 3164 Agag,
1076 3099 1183 3164 regem
1206 3077 1388 3142 Amalechi·

336 3205 449 3269 tarum,
479 3191 648 3279 jugulavit.
704 3191 881 3276 Hengistus
918 3190 1015 3276 igitur
1052 3189 1207 3254 adventus
1230 3191 1279 3254 sui
1301 3213 1386 3254 anno

339 3304 499 3370 tricesimo
520 3326 617 3381 nono,
641 3324 740 3387 quum
763 3301 892 3388 triginta
914 3315 947 3366 et
979 3313 1116 3388 quatuor
1138 3303 1230 3366 annis
1260 3324 1387 3388 regnas-

335 3427 393 3492 set,
416 3415 502 3480 diem
525 3414 637 3480 clausit
659 3425 848 3478 extremum.

372 3525 418 3590 II.
444 3528 559 3591 Oetam
582 3524 683 3591 filium
705 3546 799 3588 suum
820 3523 871 3587 vel
888 3522 1002 3586 Escam

372 3634 436 3700 III.
460 3635 504 3700 Et
530 3635 646 3699 Eosam
674 3648 846 3720 cognatum
861 3637 942 3697 male
965 3632 1129 3719 perquisiti
1151 3635 1242 3720 regni
1264 3632 1387 3696 dimisit

330 3746 482 3811 haeredes.
517 3745 582 3812 Qui
605 3767 704 3828 quum
726 3744 856 3809 Aurelio
870 3766 936 3808 non
955 3743 1097 3807 valerent
1116 3744 1269 3820 resistere,
1282 3744 1384 3829 primo

330 3860 414 3946 capti
429 3872 462 3923 et
476 3859 660 3923 incarcerati
676 3872 760 3936 sunt,
783 3856 911 3934 deiude,
936 3856 1088 3922 defuncto
1111 3857 1254 3935 Aurelio,
1278 3879 1297 3920 a
1318 3877 1384 3921 car·

352 4053 363 4102 5
376 4053 391 4093 i,
404 4063 424 4094 a.
438 4053 586 4102 vortigernus.

352 4131 365 4152 ·
379 4128 430 4183 Τὴίι
438 4128 491 4168 dead
499 4139 542 4168 was
562 4130 701 4178 perpetrated,
709 4130 820 4178 according
827 4131 850 4168 to
859 4129 958 4179 Geot'lrey
964 4129 988 4169 ol
992 4130 1128 4178 Moumouth,
1143 4132 1165 4169 at
1178 4130 1214 4169 the
1227 4126 1382 4178 blshop'sconr-

326 4203 398 4249 mand,
413 4203 440 4252 by
448 4202 482 4242 hit
490 4201 576 4242 brother
586 4202 654 4244 Eldol.
