3252 5170
325 451 361 491 too
668 449 794 490 resumet
810 450 849 490 DE
862 449 1009 490 alienavi:
1227 451 1263 500 [Δ.
1278 452 1305 492 D.
1322 452 1380 493 1212.

366 583 505 663 Deinde,
530 607 616 652 anno
640 587 732 673 regni
757 588 806 651 sui
822 585 918 666 XIV,
935 599 968 652 et
992 585 1160 651 Interdicti
1184 585 1244 666 VI,
1265 586 1384 652 auditis

321 697 446 784 magnis
469 697 719 762 comminatoriis
745 716 765 763 a
789 697 921 763 domino
948 697 1037 785 Papa
1059 696 1100 762 de
1124 719 1224 784 regno
1249 698 1378 784 Anglim

321 807 500 874 amittendo
515 817 644 893 propter
658 809 901 886 contumaciam,
913 809 1085 896 resignavit
1099 823 1261 896 sceptrum
1276 823 1309 874 et
1323 831 1375 876 co-

321 942 434 986 ronam
449 920 483 984 in
497 943 611 985 manus
626 921 758 985 Domini
780 918 964 1004 Pandulphi
979 919 1104 1006 Legati,
1120 932 1230 1005 postea
1245 920 1376 986 Norwi-

320 1033 423 1097 censis
438 1032 598 1118 episcopi3
621 1045 655 1096 et
670 1031 826 1096 indictum
838 1045 886 1096 est
894 1031 941 1095 illi
954 1031 1050 1096 trium
1063 1053 1220 1096 annorum
1242 1032 1375 1098 exilium

320 1144 384 1209 nisi
398 1142 548 1208 dominus
563 1145 652 1230 Papa
666 1143 855 1230 indulgeret.
902 1143 947 1208 Et
960 1156 1075 1230 proeter'
1089 1143 1161 1222 hoc,
1181 1143 1301 1211 sactum
1320 1160 1378 1226 est,

321 1267 359 1319 ut
381 1255 449 1341 ipse
479 1276 537 1318 rex
574 1255 695 1319 subiret
720 1273 865 1320 annuum
903 1254 1058 1320 tributum
1083 1252 1215 1332 solvere,
1254 1254 1377 1322 scilieet

323 1367 539 1453 septingentas
548 1387 670 1430 marcas
679 1365 719 1430 de
733 1365 853 1452 Anglia
861 1381 894 1430 et
906 1379 1062 1430 trecentas
1072 1365 1113 1430 de
1125 1367 1291 1432 Hibernia.
1336 1366 1381 1433 Et

320 1476 366 1541 sic
381 1475 513 1560 impleta
526 1489 575 1542 est
591 1475 756 1561 prophetia
770 1477 858 1541 Petri
874 1475 915 1540 de
930 1475 1145 1554 Pontefracto,
1161 1478 1217 1562 qui
1232 1477 1315 1542 dixit
1330 1499 1381 1542 re·

320 1608 395 1674 gem
413 1610 479 1652 non
498 1601 705 1675 regnaturum
718 1586 801 1654 ultra
816 1595 965 1674 quartum
987 1587 1149 1652 decimum
1167 1611 1288 1653 annum
1308 1603 1381 1675 post

323 1698 457 1785 primam
471 1699 733 1776 coronationem
757 1700 907 1783 quoniam
918 1722 958 1763 ex
970 1722 1033 1783 quo
1042 1700 1139 1782 coepit
1154 1721 1221 1764 esse
1242 1701 1373 1765 tributa-

321 1808 387 1874 rius
398 1809 522 1888 Romae,
534 1809 704 1874 videbatur
714 1809 799 1894 quod
809 1809 903 1875 desiit
915 1832 983 1874 esse
996 1829 1062 1874 rex.
1092 1809 1189 1874 Unde
1204 1823 1239 1874 ut
1250 1810 1375 1875 tolleret

321 1921 506 1984 memoriam
532 1921 616 1984 illius
638 1921 780 1985 vaticinii
795 1920 836 1984 de
862 1934 953 1996 terra,
969 1921 1043 1985 fecit
1069 1923 1201 1985 Petrum
1226 1934 1260 1985 et
1274 1920 1377 1986 filium

318 2052 415 2094 suum
430 2029 520 2113 equis
535 2028 700 2093 distractos
716 2029 748 2091 in
763 2051 858 2092 cruce
874 2029 1035 2114 suspendi,
1053 2028 1085 2093 V
1099 2029 1219 2094 calend.
1237 2029 1260 2093 J
1263 2031 1341 2096 unii.

365 2139 409 2204 Et
422 2151 495 2224 post
508 2139 581 2216 hoc,
597 2139 801 2203 transfretans
816 2139 850 2201 in
866 2139 1040 2203 Pictaviam
1056 2161 1132 2203 cum
1147 2141 1291 2204 exercitu
1306 2155 1375 2222 suo,

318 2251 407 2336 cepit
422 2249 601 2315 Robertum
617 2250 658 2314 de
674 2250 757 2314 Brus
779 2251 940 2327 comitem,
956 2266 1107 2337 nepotem
1124 2253 1208 2338 regis
1224 2251 1375 2318 Franciae.

322 2359 367 2426 Et
381 2373 452 2444 post
467 2360 673 2424 interdictum
688 2361 805 2424 reversi
820 2375 895 2425 sunt
909 2361 1050 2445 episcopi
1066 2362 1106 2425 ab
1121 2362 1228 2439 exilio,
1245 2363 1375 2440 scilicet,

320 2470 568 2548 Cantuuriensis,
580 2470 826 2547 Londoniensis,
840 2469 988 2551 Eliensis‚
1002 2470 1377 2561 Lincoluiensis,Wigor·

318 2583 460 2662 niensis3
482 2595 517 2647 et
532 2581 693 2648 Robertus
704 2582 788 2646 filius
801 2581 933 2647 Walteri
949 2597 981 2648 et
992 2582 1185 2650 Eustachius
1199 2584 1240 2648 tle
1256 2584 1373 2672 Vescy,

317 2695 374 2779 qui
388 2693 575 2783 aliquandiu
589 2694 803 2761 exulaverant.
850 2694 1079 2762 Etrelaxatum
1094 2709 1143 2761 est
1158 2697 1369 2762 interdictum

317 2805 369 2871 VI
384 2806 497 2872 Nonas
512 2807 612 2872 Junii.
684 2852 688 2856 -

362 2917 455 3004 Rege
470 2932 580 3002 postea
601 2939 728 2981 reverso
750 2917 790 2980 de
814 2918 965 2994 Pictavia,
990 2920 1090 2982 oritur
1111 2919 1196 2983 inter
1220 2920 1326 3006 ipsum
1341 2935 1373 2986 et

317 3040 482 3114 magnates
509 3027 638 3114 Angliae
659 3027 836 3103 discordia3
860 3027 921 3091 illis
943 3029 1128 3112 petentibus
1153 3030 1242 3115 quod
1257 3033 1372 3096 confir-

316 3152 416 3204 maret
431 3138 594 3204 libertates
617 3139 794 3203 secundum
816 3139 953 3203 sormam
974 3137 1092 3204 chartae
1108 3139 1244 3204 Henrici
1259 3143 1371 3208 Primi.

316 3248 380 3315 Illo
411 3248 659 3326 contradicente,
686 3248 816 3313 tandem
853 3248 1081 3313 convenientes
1118 3250 1160 3314 ad
1201 3251 1372 3317 concilium

314 3359 403 3446 apud
423 3359 636 3424 Rondemede
658 3381 757 3446 prope
785 3359 908 3437 stanes,
929 3361 1083 3425 concessit
1110 3361 1156 3425 eis
1182 3363 1371 3448 petitionem

314 3471 465 3556 ipsorum,
481 3486 514 3536 et
539 3471 615 3536 fecit
639 3470 686 3534 eis
707 3470 849 3534 chartam
871 3467 996 3555 qualem
1020 3471 1191 3556 petierunt.
1237 3474 1371 3539 Jurave-

302 3595 391 3646 runt
405 3594 513 3646 autem
526 3582 561 3644 in
576 3582 645 3666 ejus
668 3581 807 3644 animam
831 3579 871 3643 de
895 3579 1007 3644 iisdem
1030 3578 1228 3646 libertatibus
1245 3605 1371 3650 conser-

314 3690 436 3768 vandis,
458 3691 574 3777 viginti
600 3704 736 3775 quatuor
761 3690 802 3755 de
837 3691 1011 3776 majoribus
1040 3690 1196 3756 baronum
1230 3696 1370 3782 Angliae.

317 3800 416 3876 Quod
432 3801 506 3884 quia
521 3800 587 3885 ipse
604 3822 753 3885 processu
778 3803 929 3888 temporis
953 3803 1055 3867 noluit
1075 3805 1250 3886 observare,
1267 3808 1368 3873 insur-

311 3924 465 3977 rexerunt
479 3913 514 3974 in
536 3911 651 3996 ipsum,
666 3911 769 3976 accito
794 3910 960 3976 Ludovico
984 3914 1199 4000 primogenito
1226 3916 1369 4005 Philippi

311 4024 396 4110 regis
410 4020 561 4087 Francia.
607 4022 673 4088 Qui
687 4023 842 4110 applicuit
855 4023 890 4087 in
904 4022 1056 4110 Angliam
1068 4047 1177 4090 mense
1196 4026 1296 4106 Maio,
1312 4052 1369 4094 an-

311 4158 353 4201 no
368 4133 502 4200 Domini
516 4133 612 4199 MCC
627 4147 716 4198 sexto
732 4134 856 4199 decimo
865 4160 874 4213 ;
898 4148 1018 4198 etcum
1036 4134 1124 4198 omni
1144 4138 1262 4203 auxilio
1279 4142 1367 4224 quod

310 4247 427 4314 habere
442 4258 598 4333 poteraut,
614 4245 748 4333 ingressi
763 4257 839 4312 sunt
858 4244 1071 4324 Londoniam,
1088 4268 1197 4334 regem
1212 4249 1368 4319 infestan-
