3212 5206
261 439 287 478 tls
645 440 770 482 Huuulcr
786 441 825 482 DE
838 407 997 482 Sluoultvu
1152 444 1187 492 [Α.
1203 445 1229 485 D.
1245 446 1361 487 retr-iret.

260 597 316 640 cos
343 576 373 640 ei
403 577 578 640 reverentia
601 576 783 653 vehemens
806 577 892 663 apud
914 590 1082 642 extraneos
1105 591 1208 644 metus
1237 582 1360 668 ingens.

262 684 306 750 Et
329 685 403 750 licet
429 686 563 771 simplex
579 686 714 762 videtur,
727 687 864 751 babebat
887 701 993 752 tamen
1009 689 1181 767 comitesfil
1205 692 1259 774 qui
1282 713 1356 755 eum

259 797 414 861 humilem
428 797 612 874 exaltarent,
625 796 803 862 Siwardum
818 798 939 862 seilicet
954 797 988 862 N
989 799 1288 880 ortbanimbrorum,
1305 801 1360 885 qui

256 909 348 993 jussu
364 909 432 993 ejus
448 906 632 971 Machetam
649 905 817 973 Scotorum
832 929 941 993 regem
957 909 1022 972 vita
1036 922 1069 973 et
1083 931 1182 995 regno
1201 909 1358 996 spoliavit,

257 1025 441 1109 ibidemque
478 1023 699 1102 Malcolmum,
729 1025 833 1090 filium
869 1027 952 1112 regis
985 1027 1212 1106 Oumbrorum,
1249 1052 1360 1117 regem

257 1136 405 1213 instituit,
424 1135 609 1200 Leofrieum
630 1158 757 1220 quoque
779 1135 1060 1217 Herefordensem,
1077 1139 1131 1223 qui
1152 1161 1227 1204 eum
1248 1155 1358 1206 eontra

257 1246 452 1312 Godwinum
481 1259 514 1311 et
539 1247 677 1311 fautores
702 1249 772 1331 ejus
805 1247 884 1312 fovit
909 1262 942 1312 et
966 1250 1126 1316 sustinuit.
1172 1250 1297 1317 Habuit
1326 1266 1360 1316 et

258 1357 440 1423 Haraldum
475 1359 627 1423 comitem
658 1356 939 1435 west-saxonum,
969 1359 1073 1424 filium
1111 1361 1271 1440 Godwini,
1303 1363 1359 1447 qui

257 1468 316 1533 Ris
338 1481 371 1534 et
388 1468 571 1548 Griffinum,
586 1467 695 1534 fratres
711 1468 898 1546 Wallenses,
914 1471 1009 1534 morti
1024 1470 1123 1536 dedit.

301 1579 403 1666 Apud
432 1578 630 1645 Wintoniam
659 1579 711 1644 die
738 1579 869 1644 Paschae
898 1595 1066 1646 coronatus
1096 1596 1144 1646 est
1164 1581 1204 1647 ab
1232 1583 1355 1649 Edsino

257 1691 478 1757 Cantuariensi
500 1691 649 1777 episeopo
660 1717 669 1770 3
703 1703 736 1756 et
759 1691 824 1756 eito
849 1704 921 1776 post
946 1692 1040 1757 duxit
1070 1691 1221 1759 Editbam
1257 1694 1356 1758 filiam

257 1803 409 1870 Godwini
439 1803 565 1868 comitis
589 1802 723 1880 Cantiae,
751 1824 846 1886 quam
873 1804 919 1868 sic
944 1803 1108 1880 tractabat,
1135 1818 1173 1869 ut
1198 1827 1258 1869 nec
1283 1820 1355 1871 toro

253 1926 416 1978 amoveret
435 1934 495 1977 nee
517 1934 589 1976 eam
609 1911 692 1976 virili
706 1934 793 1976 more
812 1924 1030 1998 cognosceret.
1078 1911 1147 1987 Qui
1169 1914 1356 1994 Godwiuus,

253 2035 326 2108 post
355 2022 456 2086 multa
481 2022 601 2107 flagitia
631 2043 701 2105 quae
725 2021 854 2097 fecerat,
879 2043 979 2105 quum
1006 2021 1047 2085 ad
1077 2022 1249 2106 prandium
1272 2027 1357 2114 regis

252 2135 376 2200 mentio
390 2133 481 2198 fieret
490 2132 530 2196 de
546 2153 624 2195 nece
640 2130 756 2195 Alfridi
768 2131 871 2194 fratris
880 2131 973 2216 regia,
989 2131 1099 2197 volens
1113 2155 1146 2196 se
1161 2133 1249 2198 idem
1267 2135 1356 2201 God-

251 2239 354 2302 winus
376 2237 452 2301 inde
474 2258 508 2301 se
530 2256 692 2310 excusare,
711 2234 811 2298 oravit
833 2234 888 2311 sie,
907 2235 980 2298 Non
997 2240 1142 2320 patiatur
1163 2238 1247 2300 Deus
1274 2242 1356 2325 quod

251 2349 348 2434 ffam
369 2350 461 2412 istam
483 2347 709 2431 transpltctiam,
730 2349 759 2407 si
768 2346 889 2428 fuerim
911 2350 1045 2410 conscius
1066 2349 1197 2431 alicujttr
1217 2353 1262 2413 rei
1286 2374 1354 2436 quae

252 2460 460 2545 spectaretur!
479 2461 543 2543 ejru
558 2458 729 2542 perieulum
746 2458 793 2520 vel
808 2467 893 2520 tuum
914 2460 1154 2524 incommodum!
1185 2459 1230 2524 Et
1246 2463 1354 2526 statIm

252 2571 367 2636 eadem
387 2569 451 2635 offa
469 2568 641 2634 suffocatus
659 2567 788 2632 interiit.
837 2565 913 2644 Quo
930 2568 1024 2645 sacto,
1039 2591 1098 2633 rex
1118 2570 1172 2647 ait,
1187 2571 1354 2637 Extrahite

252 2706 355 2748 curtem
371 2683 460 2747 hune.

293 2792 372 2857 Post
383 2792 444 2857 hoc
456 2791 566 2858 volens
577 2814 633 2857 rex
643 2805 754 2857 votum
767 2791 887 2857 solvere
900 2791 987 2877 quod
1003 2793 1096 2859 beato
1107 2794 1204 2859 Petro
1214 2804 1353 2869 voverat,

251 2902 366 2967 limina
380 2925 438 2967 sua
451 2902 540 2967 adire
555 2925 622 2966 non
649 2917 698 2966 est
713 2925 824 2988 passus
839 2904 1070 2987 amagnatibus
1080 2905 1155 2980 suis,
1168 2904 1223 2987 qui
1234 2916 1267 2968 et
1286 2895 1355 2989 regi

248 3026 284 3079 et
299 3035 399 3100 regno
421 3027 454 3078 et
476 3012 629 3097 sibiipsis
647 3012 814 3077 timebant.
859 3013 955 3077 Unde
980 3014 1084 3078 missis
1110 3015 1247 3093 nunciis,
1263 3015 1353 3078 abso·

250 3124 338 3189 lutus
353 3137 401 3189 est
417 3147 437 3190 a
451 3137 533 3188 voto.
573 3123 614 3187 In
629 3125 721 3208 eujus
735 3122 958 3209 redemptione
974 3123 1141 3188 eeclesiam
1155 3124 1241 3189 beati
1263 3123 1353 3188 Petri

249 3235 537 3311 Westmonasterii,
562 3233 632 3319 jam
672 3255 849 3320 pauperem
888 3233 1045 3311 effectam,
1075 3233 1290 3310 reaedificavit,
1320 3249 1355 3298 et

249 3339 340 3403 terris
369 3360 407 3403 ac
436 3337 590 3403 reditibus
626 3338 811 3422 eaeterisque
850 3336 995 3423 pluribus
1035 3335 1192 3420 donariisll
1228 3335 1350 3418 ditavit.

247 3644 339 3685 habebat
357 3641 451 3682 armillas
466 3651 550 3688 aureus,
560 3629 617 3680 ΧΠ
628 3641 704 3679 uncias
720 3640 872 3690 appendentes,
889 3640 976 3679 loricam
992 3649 1079 3679 auream
1093 3639 1192 3688 trilicem,
1207 3641 1312 3680 cassidem
1328 3641 1352 3681 in

247 3711 318 3760 eapite
334 3719 428 3755 auream,
445 3707 541 3756 gladium
557 3707 628 3746 aureis
648 3707 749 3756 scapulis,
765 3706 852 3746 renibus
868 3705 999 3753 accinctum,
1017 3707 1111 3746 securim
1128 3707 1232 3748 Danicam
1251 3718 1279 3748 ex
1296 3718 1349 3748 suro

246 3778 380 3823 febrientem,
389 3776 412 3815 in
420 3776 508 3816 sinistro
515 3775 605 3814 humero
613 3774 750 3823 pendentem,
760 3774 782 3813 ln
791 3784 858 3813 manu
867 3773 954 3812 sinistra
963 3774 1069 3822 clypeum,
1078 3784 1129 3814 eum
1137 3775 1267 3814 umbonibus
1280 3775 1352 3814 aureis

246 3843 471 3892 permisissemus
487 3841 584 3882 lanceam
597 3852 692 3889 auream,
702 3851 751 3891 quae
762 3841 837 3890 lingua
851 3840 971 3890 ungrorum
980 3840 1074 3889 Hategar
1079 3841 1245 3890 munenpetur.’¹
1259 3842 1353 3882 Fuouss

247 3920 311 3952 ursr.

274 3975 291 4017 d
305 3975 351 4014 The
360 3977 437 4014 eounts
450 3974 537 4014 orearls
546 3984 608 4022 were,
617 3974 693 4014 attint
708 3973 826 4021 miniatem,
835 3974 872 4014 not
880 3973 904 4013 ol
908 3972 991 4024 dignlty
994 4001 1000 4023 ,
1007 3974 1047 4014 but
1055 3973 1080 4013 ol
1085 3973 1154 4022 olrice,
1164 3974 1208 4014 like
1216 3975 1253 4015 the
1261 3975 1351 4017 medem

247 4041 295 4082 lord
304 4041 435 4080 lleutenents
443 4040 466 4080 ol
473 4039 577 4079 counties.

275 4125 284 4172 l
300 4123 352 4162 This
362 4123 454 4170 clrerter,
467 4122 557 4170 granted
564 4125 586 4161 te
600 4121 637 4161 the
647 4121 731 4162 Churm
738 4122 762 4162 ol
769 4121 926 4170 westminster,
940 4133 983 4162 vas
999 4124 1035 4163 the
1045 4124 1098 4170 first,
1113 4123 1160 4163 thet
1175 4133 1219 4164 was
1234 4125 1350 4167 confirmed

246 4190 316 4231 under
325 4190 362 4229 the
370 4190 435 4229 breed
445 4188 489 4228 seal
500 4202 505 4236 ς
521 4189 612 4228 Εᾱητᾱ
620 4189 684 4240 being
697 4189 734 4230 the
743 4191 789 4230 brat
798 4189 889 4239 English
897 4189 950 4240 ring
966 4191 1013 4231 ubo
1022 4190 1076 4231 used
1084 4190 1130 4230 that
1143 4189 1201 4240 luge
1214 4191 1257 4233 sud
1268 4193 1348 4243 stetely

246 4256 374 4308 impressieu
383 4256 415 4298 lor
424 4256 517 4298 marten
527 4255 568 4296 aud
577 4258 669 4304 parents.
