3212 5206
192 499 236 548 dd.
252 499 279 541 D.
296 499 362 546 loto]
665 492 849 534 OERONICON.
1266 489 1289 528 il

187 654 256 700 uno
280 631 351 700 solo
370 629 512 698 lilscerio
533 627 651 697 deforis
673 641 810 698 ostenso.
860 626 988 706 Quibus
1016 626 1103 706 visis,
1126 622 1289 692 Heruldus

188 744 365 832 obstupuit,
384 755 419 810 et
442 763 509 808 non
535 739 637 808 multo
661 753 735 830 post
755 740 845 807 venit
865 740 901 806 in
924 738 1094 828 Anglism,
1111 750 1146 806 et
1166 735 1291 804 invenit

189 876 299 942 regem
313 854 349 918 in
363 852 515 920 extremis
529 863 690 939 agentem.
734 851 826 918 'lunc
840 847 962 918 ducens
976 871 1084 916 corum
1097 870 1173 937 rege
1182 847 1290 936 plures

193 964 235 1030 de
264 965 408 1052 cognatis
436 963 503 1029 suis
531 974 565 1029 et
593 963 713 1042 amicis,
735 962 859 1050 rogavit
886 974 924 1029 ut
944 982 1082 1049 regnum
1109 959 1239 1048 Anglire
1259 956 1292 1025 ei

193 1074 394 1141 concederet.
439 1073 513 1142 Quo
528 1071 776 1154 contradicente,
791 1083 825 1138 et
839 1070 1060 1150 de-*Willelmo
1073 1068 1293 1158 praetendente

192 1183 280 1270 quod
305 1184 412 1273 ipsum
434 1182 597 1249 haeredem
618 1203 714 1249 snum
734 1181 872 1259 fecerat3
897 1165 1048 1259 'Haruldo
1072 1201 1149 1247 vero
1171 1192 1207 1247 et
1227 1179 1294 1246 suis

191 1294 348 1360 instanter
361 1293 554 1381 petentibus,
569 1292 659 1378 quusi
672 1290 875 1358 connivendo
890 1277 1016 1364 reitens
1030 1313 1064 1358 se
1075 1290 1117 1358 ud
1127 1290 1294 1380 parietem,

193 1403 285 1484 dixit,
308 1404 471 1471 “Faciunt
483 1404 545 1470 sibi
565 1403 662 1492 Angli
677 1416 732 1471 eut
746 1402 863 1470 ducem
884 1417 940 1472 aut
960 1425 1070 1492 regem
1083 1425 1179 1493 super
1192 1404 1292 1493 ipsos:

193 1514 265 1582 sit”

240 1624 317 1702 Quo
340 1637 476 1705 mortuo,
492 1639 529 1693 nt
550 1647 647 1714 supro
662 1625 817 1707 diximus,
839 1637 874 1692 et
894 1624 937 1692 ud
957 1625 1100 1694 coelestis
1128 1623 1292 1708 translato,
1341 1639 1345 1646 ’

190 1736 280 1803 idem
302 1735 474 1816 Hsraldns,
498 1735 700 1823 quidudum
721 1735 763 1803 ud
783 1758 921 1824 regnum
948 1736 1171 1825 aspirarem,
1185 1751 1298 1806 contre

190 1849 412 1936 juramentum
426 1847 515 1936 quod
530 1847 617 1936 prius
630 1848 749 1914 feceret
763 1845 926 1914 Willelmo
938 1846 1016 1914 duci
1029 1845 1066 1914 N
1065 1848 1240 1917 ormunniae
1254 1849 1296 1916 de

194 1959 349 2026 servando
362 1957 468 2026 eidem
482 1957 621 2025 fideliter
633 1957 762 2046 Anglis,
777 1970 850 2048 post
863 1970 1001 2025 mortem
1014 1957 1165 2026 Eduardi
1173 1960 1295 2028 sefeeit

195 2070 340 2136 coronari
368 2069 456 2158 apud
480 2070 822 2152 westmonasterium
849 2071 1060 2158 tegruvitque
1089 2093 1146 2160 per
1173 2092 1291 2140 novem

196 2201 332 2259 menses,
362 2181 415 2246 cui
444 2180 543 2246 vitem
579 2202 779 2269 regnumque
809 2179 987 2248 Willelmns
1015 2181 1197 2262 Basterdus,
1225 2181 1295 2252 <lux

199 2289 421 2372 Nornrsnnire,
436 2290 602 2380 subripuit.

240 2580 296 2650 De
318 2581 501 2650 Wrmmnro
522 2604 609 2650 nuos
631 2581 847 2650 Nonusuurn
862 2586 1022 2652 Anemuri
1036 2604 1258 2658 ecunrusnrn.

240 2741 427 2808 Ronsnrns
463 2741 634 2828 siquidem,
668 2742 752 2808 lilius
769 2753 772 2759 '
789 2742 919 2809 Ricardi
956 2741 1100 2822 secundi,
1128 2755 1299 2830 postquem

197 2852 351 2916 ducatum
370 2850 506 2939 gloriose
528 2852 620 2918 annis
634 2865 756 2940 septem
770 2840 986 2946 ¹Normunnire
1010 2853 1125 2933 tenuit,
1147 2853 1301 2922 Hieroso·

196 2956 316 3042 lpmam
331 2977 462 3044 pergere
477 2955 636 3044 proiectus
650 2968 709 3024 est.
743 2955 894 3024 Habebat
907 2969 986 3024 tunc
997 2957 1101 3024 lilium
1108 2971 1301 3048 septennem

199 3091 239 3134 ex
260 3067 439 3134 concubina
453 3080 666 3156 procreatum,
682 3089 776 3153 quum
798 3068 870 3136 loco
890 3069 999 3136 uxoris
1012 3068 1126 3137 hebuit
1144 3093 1184 3137 uc
1206 3072 1302 3138 unice

200 3179 322 3244 dilexit.
370 3177 438 3255 Qui
459 3200 541 3264 puer
561 3200 604 3244 ex
625 3199 665 3244 ea
685 3178 791 3244 editus
813 3177 991 3246 Willelutus
1015 3203 1036 3246 u
1057 3181 1189 3246 nomine
1211 3183 1303 3250 uberi

200 3303 248 3356 est
269 3289 382 3356 dictus.
436 3291 512 3377 Ipsa
533 3309 619 3366 vero,
640 3303 712 3376 post
733 3291 977 3377 conceptionem
1004 3292 1113 3380 ipsius,
1141 3292 1304 3360 dormiens

201 3414 273 3488 post
288 3400 439 3487 pusillum
453 3398 614 3487 ingemuit
635 3411 668 3464 et
677 3398 844 3488 planctum
857 3398 952 3480 feeit3
975 3411 1009 3466 et
1022 3401 1175 3487 requisitu
1194 3424 1305 3488 quere,

202 3511 285 3577 dixit
305 3533 339 3577 se
363 3510 546 3588 somniasse,
559 3509 650 3597 quod
666 3511 760 3576 arbor
773 3508 914 3596 quidem,
935 3509 1102 3578 deventre
1123 3533 1183 3580 suo
1196 3535 1307 3602 proee-

202 3621 292 3701 dens,
315 3634 416 3688 totam
445 3619 678 3688 Normunuiem
706 3634 741 3688 et
762 3620 917 3709 Anglism
945 3621 1154 3692 obumbravit.
1199 3623 1306 3694 Notius

200 3891 247 3939 thet
255 3887 427 3929 lntltledlrlmto
440 3889 477 3928 the
485 3887 614 3938 appellntlon
622 3889 648 3929 ol
659 3898 731 3930 tsrrr
744 3899 768 3930 or
776 3897 915 3938 corrueres,
929 3889 981 3931 doct
993 3892 1031 3931 not
1045 3900 1130 3942 uppur.
1151 3893 1186 3936 fle
1205 3905 1250 3938 ιιι
1262 3906 1309 3940 n·

199 3957 268 4007 teinly
275 3965 328 4006 very
336 3955 416 4003 charte,
424 3955 505 4004 haring
513 3965 542 3994 no
550 3954 675 3996 inclineticn
682 3960 707 3996 to
714 3957 741 3996 te
747 3956 907 4004 otherrtmhe
915 3957 1085 4007 rusmtlnhtr
1094 3965 1250 4012 memmentr
1270 3967 1307 4013 yet

199 4021 351 4074 regerdlerrol
356 4022 474 4072 posterltyr
486 4021 519 4062 for
528 4021 555 4062 he
563 4020 603 4062 lert
610 4022 648 4062 tlte
655 4022 777 4064 euceurlon
783 4025 807 4062 to
819 4023 857 4064 tho
878 4023 954 4066 crovn
972 4034 996 4065 ιο
1011 4025 1112 4067 doubtful
1125 4027 1169 4068 und
1186 4027 1308 4079 mrpuutto

200 4091 396 4142 thsttuertrnngle
404 4090 464 4131 terit
477 4099 520 4131 rer
533 4089 571 4130 the
583 4100 647 4130 etum
658 4090 683 4130 of
700 4089 767 4130 much
785 4089 886 4132 inueniet
897 4092 941 4132 end
954 4092 1078 4143 ωωωοᾱ,
1094 4093 1139 4135 end
1152 4096 1278 4147 nonnul]
1290 4096 1309 4138 u

202 4171 246 4202 w
255 4161 311 4201 fors
322 4159 383 4199 third
393 4157 447 4198 tlms
455 4157 585 4198 transferred
596 4159 619 4198 to
633 4166 648 4197 ι
658 4156 773 4208 lonicum.
790 4145 794 4154 ¹

228 4224 399 4275 tTherlghttnl
410 4224 457 4265 heir
468 4234 512 4264 wer
531 4217 734 4274 mummolum
763 4224 804 4264 but
823 4224 851 4266 he
863 4224 1012 4276 belngyoung
1025 4226 1068 4268 end
1085 4227 1168 4278 herim
1187 4239 1215 4270 no
1233 4239 1310 4272 moene

199 4292 415 4342 oteeubtteuinrhis
428 4289 499 4340 clulnr,
509 4291 589 4334 Herold
601 4291 689 4343 rtspped
701 4291 748 4332 luto
756 4290 791 4331 un
804 4291 892 4340 threnn
914 4294 957 4334 eud
972 4297 994 4334 to
1009 4294 1071 4336 make
1085 4294 1132 4336 hlnt
1145 4305 1204 4337 mute
1219 4298 1309 4338 mendo

729 4362 771 4421 lu
