3252 5170
359 532 420 594 112
715 547 907 591 cunomeou
931 546 1042 591 snsvn

396 702 470 767 776.
517 697 629 763 Carlus
653 709 763 762 contra
787 695 1021 782 Ruotgaudum
1044 696 1077 760 in
1103 695 1229 760 Italiam
1249 696 1411 782 profectus

358 810 511 876 eumdem
527 809 688 890 interficit.

403 919 444 984 In
461 920 600 985 Saxonis
613 919 827 1004 Eresburgum
844 931 1010 984 eastrnma
1034 918 1211 984 Saxonibus
1225 918 1389 983 redditum
1403 945 1414 992 t

363 1032 568 1119 Sigiburgum
586 1029 765 1095 Saxonibus
780 1031 941 1095 obsessum
963 1029 1020 1094 sed
1034 1052 1100 1095 non
1115 1042 1348 1116 expugnatum.

403 1145 479 1208 777.
527 1139 664 1204 Saxonis
678 1163 697 1204 a
712 1139 805 1204 Oarlo
819 1140 959 1216 subacta,
982 1152 1016 1205 et
1029 1152 1206 1204 conventus
1221 1139 1256 1203 in
1271 1161 1310 1203 ea
1322 1138 1413 1204 habi·

357 1266 409 1318 tus
423 1252 457 1316 in
472 1251 543 1317 loeo
562 1251 619 1337 qui
639 1249 756 1314 dicitur
774 1249 1254 1316 Paderbrunno.—Ibinalarabi
1270 1250 1414 1315 Sarrace-

357 1384 420 1427 nus
434 1360 600 1448 praefectus
615 1360 873 1445 Oaesamugustae,
889 1359 931 1424 ad
942 1382 1049 1446 regem
1066 1361 1164 1425 venit.

403 1473 476 1539 778.
523 1471 635 1535 Oarlus
649 1492 721 1535 oum
737 1471 879 1535 exercitu
888 1470 921 1535 in
935 1471 1123 1557 Hispaniam
1136 1493 1237 1558 usque
1254 1473 1413 1536 Caesarau-

361 1596 488 1667 gustam
509 1581 606 1646 venit
651 1580 875 1666 Pampilonam
896 1580 1058 1645 civitatem
1082 1580 1415 1646 destruit-Saxones

359 1693 555 1757 Francorum
569 1691 724 1756 terminos
739 1713 839 1775 usque
855 1691 896 1756 ad
913 1690 1066 1756 Rhenum
1081 1691 1165 1756 ferro
1175 1705 1209 1757 et
1224 1693 1291 1778 igni
1305 1691 1415 1757 devas-

363 1814 434 1869 tant
447 1813 480 1866 et
494 1823 555 1866 neo
567 1800 661 1865 inulti
673 1813 874 1866 revertuntur
890 1827 897 1866 ε
920 1823 995 1865 nam
1011 1801 1050 1864 ab
1060 1801 1201 1865 exercitu
1215 1801 1307 1886 regis,
1318 1823 1416 1887 quem

361 1925 473 1977 contra
487 1935 542 1977 eos
559 1912 696 1989 miserat,
711 1934 783 1998 pars
797 1912 936 1976 maxima
950 1933 1061 1976 eorum
1077 1911 1243 1975 interfecta
1257 1925 1313 1976 est.

404 2025 481 2088 779.
529 2020 645 2088 Carlus
660 2043 748 2086 more
762 2044 820 2086 suo
837 2022 1003 2085 Saxonum
1018 2019 1185 2105 perfidiam
1202 2043 1259 2105 per
1272 2043 1306 2084 se
1321 2019 1418 2085 ulcis-

362 2132 446 2196 citur
457 2144 490 2197 et
499 2131 636 2218 acceptis
648 2131 754 2195 firmat
765 2130 935 2196 obsidibus.
982 2129 1221 2195 Hildebrandus
1236 2131 1418 2217 Langobar·

364 2243 425 2307 dus
439 2242 505 2307 dux
522 2241 712 2329 Spoletanus
727 2242 768 2306 ad
785 2241 915 2307 Cariam
931 2242 1026 2308 venit

406 2358 480 2422 780.
525 2354 636 2420 Garlus
660 2355 770 2418 habito
793 2368 955 2419 conventu
977 2355 1011 2418 in
1023 2353 1193 2424 Saxoniam
1213 2356 1330 2421 iterum
1344 2379 1416 2420 eam

365 2466 493 2552 subigit,
509 2477 542 2530 et
556 2465 707 2530 orationis
722 2487 817 2529 causa
833 2464 970 2529 Romam
985 2465 1080 2530 vadit,

408 2580 482 2644 781.
527 2576 685 2662 Pippinus
696 2574 779 2640 filius
795 2575 879 2640 Carli
896 2575 1009 2641 Romae
1024 2577 1201 2662 baptizatur
1219 2577 1258 2642 ab
1273 2577 1417 2643 Adriano

369 2687 541 2774 pontifices
565 2709 662 2770 aquo
685 2687 751 2774 ipse
774 2699 807 2751 et
826 2687 923 2751 frater
942 2688 1011 2773 ejus
1030 2686 1228 2752 Hludoviens
1249 2700 1365 2752 unctus
1386 2689 1421 2752 in

370 2822 472 2885 reges.
517 2799 660 2864 Tusslno
671 2798 736 2862 dux
748 2797 903 2862 Baioariae
914 2796 999 2881 apud
1012 2796 1233 2876 Wormaciam,
1245 2820 1421 2864 sacramen-

366 2922 403 2974 to
414 2922 448 2974 et
463 2908 636 2985 obsidibus,
652 2931 715 2972 suae
730 2907 933 2992 subjectionis
948 2907 1046 2971 fidem
1061 2908 1145 2971 facit

411 3015 486 3085 782.
530 3018 646 3104 Legati
671 3019 754 3103 regis
780 3016 953 3102 Adalgisus
980 3030 1014 3080 et
1030 3017 1126 3081 Geito
1149 3041 1169 3082 a
1185 3017 1363 3084 Saxonibus
1386 3021 1421 3083 in

366 3128 475 3216 praelio
490 3128 695 3194 occiduntur:
709 3149 886 3212 -quorum
903 3149 985 3190 mors
995 3125 1045 3190 IV
1060 3127 1198 3193 millium
1214 3143 1248 3193 et
1265 3130 1422 3216 quingen.

369 3255 475 3306 torum
490 3241 658 3306 hominum
674 3239 884 3304 decollatione
896 3237 1070 3303 vindicata.

412 3354 486 3418 783.
532 3349 721 3436 Hildigarda
735 3349 845 3437 regina
860 3349 938 3413 obiit
953 3349 990 3413 ΙΙ
1006 3349 1076 3416 Kal.
1092 3349 1206 3437 Maiis

411 3462 557 3526 Decessit
579 3475 612 3526 et
635 3459 755 3524 Banna
779 3459 863 3545 regis
888 3473 990 3523 mater
1015 3459 1063 3524 IV
1086 3459 1135 3525 Id.
1152 3461 1268 3527 iulii*
1311 3464 1422 3530 Carlus

370 3571 511 3638 Saxones
526 3571 650 3636 duobus
665 3571 788 3658 magnis
802 3569 917 3656 praeliis
931 3570 1174 3637 vicitimmensa
1189 3595 1299 3640 eorum
1315 3576 1423 3642 multi·

369 3686 480 3754 tudine
497 3685 671 3750 interfecta.

411 3797 484 3869 784.
527 3793 666 3860 Saxones
682 3816 700 3858 a
717 3793 818 3859 Carlo
830 3806 905 3860 sunt
922 3795 956 3859 in
972 3796 1084 3883 proeiio
1099 3799 1248 3886 superati.

413 3909 486 3980 785.
533 3905 728 3973 Vidikindus
745 3905 829 3972 Saxo
845 3906 1001 3974 adsidam
1028 3907 1136 3976 Caroli
1160 3912 1258 3992 venit,
1274 3923 1307 3976 et
1321 3910 1425 3998 bapti-

833 4160 843 4208 5
858 4159 919 4207 spru
927 4161 958 4199 29.

829 4237 841 4265 ⁴*
855 4235 906 4284 July
917 4237 947 4275 12.
