3252 5170
358 527 418 592 138
805 543 975 593 axonnrra

356 688 517 761 mantibus
534 717 592 780 pro
611 695 704 759 sociae
722 695 844 760 amissae
861 697 975 773 reditu,
993 696 1143 782 praecepit
1167 719 1207 761 ne
1234 696 1267 761 in
1292 698 1408 782 sempi·

357 821 485 871 ternum
499 807 653 884 introiret
665 805 698 868 in
721 829 871 891 campum
890 806 979 870 illum
999 807 1104 891 aliqua
1123 807 1262 892 speciem
1284 809 1411 872 illorum

356 917 554 1004 participans.
603 915 811 979 Recesserunt
826 939 936 1009 omnes
953 917 1136 992 incolumes
1155 931 1189 981 et
1212 918 1299 1003 quod
1320 920 1411 1003 virgo

357 1023 513 1111 praecepit,
530 1026 730 1088 observatum
746 1038 793 1087 est
809 1047 908 1110 usque
921 1026 955 1088 in
970 1025 1057 1090 hunc
1066 1026 1161 1090 diem.

404 1136 521 1198 Sancta
534 1155 609 1198 vero
626 1134 769 1197 Wilfilda
783 1136 865 1220 regis
881 1135 1000 1219 Edgari
1015 1138 1128 1219 spretis
1143 1137 1338 1223 sponsalibus
1354 1159 1413 1220 pro

360 1245 433 1310 Deo
448 1267 572 1330 sponso,
590 1243 750 1329 Barkinge
767 1245 827 1308 fuit
846 1244 1008 1313 Abbatissa
1023 1259 1055 1309 et
1071 1246 1191 1309 ibidem
1206 1247 1339 1332 sepulta,
1356 1249 1412 1312 ubi

359 1356 489 1442 virginis
504 1367 620 1418 sanctae
635 1355 787 1419 miracula
798 1355 909 1418 videns
925 1378 1075 1440 sponsum
1088 1357 1230 1421 laudabis
1241 1359 1411 1443 virginum.

404 1467 458 1531 De
478 1479 586 1530 sancta
602 1464 730 1550 quidem
755 1465 957 1552 Ethelberga,
973 1468 1036 1532 loci
1059 1470 1126 1553 ejus
1144 1468 1317 1548 Abbatissa,
1333 1480 1414 1555 prae·

364 1578 446 1644 clara
462 1576 615 1642 miracula
631 1575 721 1641 Beda
735 1577 840 1640 refert.

407 1690 525 1752 Sancta
552 1687 691 1772 Edgitha
720 1686 786 1749 filia
807 1687 889 1771 regis
906 1685 1025 1772 Edgari
1041 1687 1212 1751 Wintoniae
1235 1699 1354 1773 pausat,
1377 1694 1413 1752 et

362 1799 484 1863 ibidem
495 1797 626 1882 virginis
641 1794 809 1881 splendida
822 1795 975 1880 leguntur
989 1797 1149 1861 miracula.

397 1908 540 1974 Nomina
561 1929 636 1992 ergo
658 1927 770 1990 regum
792 1907 936 1970 omnium
959 1906 1083 1993 Angliae
1113 1907 1290 1972 secundum
1311 1931 1411 1996 regna

363 2018 489 2106 singula
502 2017 678 2101 subscripta
699 2026 783 2080 sunt.

407 2238 435 2304 Ι.
452 2237 560 2325 Reges
571 2250 680 2303 autem
697 2237 886 2302 Canticnses
900 2236 935 2300 hi
949 2248 1025 2302 sunt
1033 2259 1074 2300 ex
1085 2237 1195 2302 ordine
1211 2260 1220 2314 3

364 2351 490 2416 Primus
504 2372 571 2430 rex,
586 2347 794 2413 Hnuorsrus.

593 2460 658 2524 Eso
673 2456 757 2521 filius
768 2457 846 2542 ejus,
868 2456 1036 2523 secundus.

594 2570 703 2645 Occu,
719 2567 840 2632 tertius.

595 2677 803 2758 lammens,
826 2689 966 2761 quartus.

596 2788 854 2865 Ernnnnnnnos,
871 2788 1011 2874 quintus.

597 2901 786 2976 Ennmnus,
802 2911 919 2963 sextus.

543 3017 545 3022 “
596 3009 865 3086 Encnnunnnrus,
881 3009 1043 3094 septimus.

597 3119 785 3196 Eunomus,
810 3133 949 3184 octavus.

408 3232 588 3307 Lotharius,
604 3252 717 3306 nonus,
744 3230 886 3315 regnavit
912 3229 1082 3294 duodecim
1113 3252 1213 3294 annos
1242 3243 1276 3296 et
1303 3255 1412 3318 pugna

366 3344 562 3412 Australium
578 3343 739 3406 Saxonum
755 3341 826 3404 neci
842 3339 974 3404 traditus
990 3353 1045 3404 est

410 3455 556 3519 Eorucus
577 3450 721 3538 regnavit
742 3473 826 3514 anno
849 3463 880 3516 et
903 3449 1045 3528 dimidio,
1069 3463 1237 3518 extraneus
1267 3477 1286 3518 a
1314 3456 1412 3542 regali

366 3567 520 3654 prosapia.

411 3674 446 3740 N
447 3694 588 3738 ronanus
598 3686 630 3736 et
641 3671 876 3736 Wibbehardus
888 3671 1032 3735 similiter
1046 3673 1188 3736 extranei
1203 3689 1414 3760 regnaverunt

367 3810 424 3853 sex
439 3807 538 3850 annos
555 3797 587 3848 et
602 3783 723 3870 expulsi
738 3795 822 3846 sunt.
1408 3768 1410 3774 ’

411 3895 613 3960 Wrornnnus
629 3895 668 3957 de
684 3895 769 3978 regia
784 3893 878 3976 stirpe
895 3903 992 3969 ortus,
1008 3893 1151 3978 regnavit
1166 3893 1279 3978 viginti
1299 3911 1331 3962 et
1351 3910 1413 3966 tres

369 4029 469 4073 annos
483 4007 518 4070 in
533 4027 622 4092 pace,
637 4016 756 4068 etcum
772 4002 832 4065 Ina
843 4024 916 4088 rege
932 4002 1133 4066 concordiam
1148 4003 1233 4070 fecit.

415 4115 593 4181 Enannrus
607 4114 692 4176 filius
713 4109 864 4175 Wictredi
884 4135 957 4176 cum
973 4112 1098 4177 duobus
1113 4104 1263 4175 fratribus
1282 4128 1418 4194 regnum

371 4226 475 4292 tenuit
494 4225 607 4309 viginti
629 4235 661 4288 et
680 4221 744 4289 duo
766 4222 864 4286 annis.
