3252 5170
217 525 417 574 aaronitae}
649 526 830 568 canonicos.
1250 511 1276 549 θ’

221 665 355 752 magnis,
378 665 514 730 buscis*
543 665 773 750 quinquaginta
794 675 941 750 quatuor,
964 662 1062 750 galeis
1084 663 1213 749 triginta
1242 675 1277 728 et

221 799 349 843 novem.
398 777 462 842 Sed
485 790 519 842 et
538 775 704 861 Philippus
723 797 780 840 rex
803 775 944 840 Franoiae
966 775 1027 840 iter
1048 773 1129 840 illud
1149 797 1273 862 aggres-

220 909 274 951 sus
288 901 344 952 est
389 887 490 952 Porro
499 909 555 952 rex
567 887 732 964 Ricardus,
743 887 904 952 divertens
916 887 949 950 in
964 886 1163 972 Hispaniam,
1174 887 1275 950 filiam

221 999 305 1085 regis
319 998 360 1063 de
377 997 514 1064 Navaria
528 998 657 1062 nomine
677 997 897 1084 Beriugeriam
916 997 1009 1061 duxit
1028 1019 1172 1062 uxorem.
1218 995 1274 1062 In·

222 1109 326 1194 deque
343 1109 469 1196 navigio
484 1123 593 1174 vectus
607 1108 649 1173 ad
665 1107 827 1193 Apuliam,
842 1109 986 1194 reginam
1000 1107 1085 1172 illius
1106 1122 1208 1185 terrae,
1225 1130 1274 1173 so·

222 1241 327 1284 rorem
349 1219 498 1284 videlicet
519 1243 609 1285 suam
632 1218 793 1284 Joannam
823 1219 959 1284 maritali
990 1219 1082 1284 thoro
1111 1218 1275 1284 viduatam

221 1331 371 1417 repperit,
388 1354 483 1416 quam
498 1350 604 1396 secum
620 1331 744 1407 tollens,
760 1329 801 1394 ad
819 1329 964 1418 Cyprum
981 1329 1117 1395 insulam
1133 1329 1273 1394 devenit.

222 1443 367 1507 Caicum
379 1466 477 1508 manu
488 1456 608 1508 armata
619 1443 767 1530 princeps
777 1442 862 1508 illius
874 1441 985 1508 insulae
997 1464 1165 1509 occurrens
1177 1442 1272 1520 bello,
1284 1482 1286 1487 -

220 1553 324 1638 ipsum
346 1570 395 1620 est
416 1559 622 1641 aggressus†;
669 1553 726 1618 sed
747 1575 858 1640 amge
879 1552 1019 1618 Ricardo
1039 1566 1205 1640 superatus
1225 1567 1274 1618 est

220 1679 253 1728 et
273 1665 411 1740 occisus;
435 1666 542 1748 sicque
565 1678 632 1730 tota
652 1663 757 1728 insula
779 1678 826 1728 est
849 1663 888 1728 ab
911 1663 968 1727 illo
990 1685 1139 1748 possessa,
1163 1676 1196 1728 et
1217 1684 1275 1750 per

222 1773 340 1838 multos
355 1797 455 1839 annos
471 1775 636 1839 tributaria
650 1774 734 1839 facta
747 1787 807 1838 est.

264 1883 342 1948 Post
356 1883 418 1948 hoc
429 1906 484 1950 rex
501 1884 668 1962 Ricardns,
685 1883 726 1948 ad
747 1880 875 1948 'Petram
899 1883 1050 1949 Sanctam
1072 1883 1272 1970 perveniens,

220 1995 332 2058 urbem
348 1994 601 2077 Ptolomaidamss
621 2018 694 2060 cum
713 2018 787 2081 rege
807 1995 1000 2061 Francorum
1020 1995 1170 2079 Philippo
1188 2008 1274 2060 arcta

219 2104 383 2186 obsidione
394 2105 529 2184 vallavit,
539 2120 572 2170 et
581 2113 651 2193 post
660 2127 779 2190 paucos
788 2104 856 2170 dies
865 2105 959 2190 cepit.
988 2104 1272 2182 Quofacto,cunc-

217 2215 258 2279 tis
266 2213 306 2279 de
316 2229 425 2301 optata
435 2215 565 2279 victoria
579 2214 802 2302 gaudentibus,
812 2215 869 2280 sed
886 2238 949 2279 non
966 2237 1055 2299 aeque
1072 2214 1180 2302 spoliis
1195 2215 1270 2280 civi·

219 2326 292 2391 tatis
314 2326 504 2392 militaribus
525 2327 599 2391 viris
616 2328 690 2412 jure
721 2326 819 2411 praelii
850 2326 1035 2404 distributis,
1058 2327 1165 2392 subito
1187 2327 1272 2392 inter

216 2460 324 2525 regem
347 2437 526 2524 Anglorum
549 2452 581 2503 et
596 2437 712 2504 ducem
736 2439 975 2504 Austrariorum
996 2453 1067 2502 orta
1083 2439 1266 2504 contentios

218 2549 345 2626 ducem,
361 2549 471 2614 relicto
487 2550 640 2625 exercitu,
656 2549 690 2613 in
713 2562 825 2613 terram
848 2570 939 2614 suam
960 2571 1032 2615 cnm
1048 2551 1197 2614 omnibus
1210 2551 1273 2616 suis

218 2659 323 2724 redire
339 2658 504 2746 compulit.
551 2658 616 2722 Sed
631 2672 664 2723 et
678 2659 741 2722 cito
756 2672 828 2744 post
842 2658 1009 2744 Philippus
1024 2681 1080 2724 rex
1095 2661 1239 2726 Franciae
1254 2685 1274 2725 a

219 2784 302 2834 terra
319 2769 612 2856 Hierosolymitana
626 2769 660 2832 in
676 2767 812 2833 Galliam
826 2769 1003 2834 revertitur.

261 2878 362 2944 Porro
385 2899 444 2942 rex
474 2877 640 2956 Ricardus,
663 2879 698 2942 in
728 2877 829 2943 Terra
860 2877 976 2944 Sancta
1005 2890 1077 2964 post
1100 2879 1274 2945 discessum

216 2991 300 3077 regis
315 2988 458 3054 Franciae
472 3011 671 3076 permanens,
688 2989 774 3075 cepit
793 2989 959 3079 castellum
979 2991 1120 3060 Darum:
1156 2990 1213 3056 sed
1235 3005 1269 3056 et

217 3099 303 3184 apud
318 3099 341 3164 J
343 3122 447 3185 oppon
463 3122 557 3186 grave
573 3097 733 3164 commisit
744 3099 887 3186 praelium
906 3123 980 3165 cum
1000 3101 1139 3166 exercitu
1161 3100 1272 3166 Salan-

217 3211 299 3289 dini,
320 3212 409 3298 prius
432 3224 524 3299 capta
543 3211 688 3298 Joppea
712 3211 894 3291 Saracenis5
933 3212 990 3277 sed
1011 3215 1097 3278 etin
1121 3213 1272 3278 Calendis

219 3324 360 3410 Augusti
375 3346 394 3387 a
408 3324 539 3410 praefato
553 3341 628 3410 rege
644 3336 676 3388 et
691 3347 709 3386 a
724 3325 788 3387 suis
802 3322 936 3388 viriliter
949 3324 989 3389 ab
1004 3319 1125 3389 eisdem
1141 3326 1273 3412 paganis

217 3439 387 3514 excussail,
396 3435 573 3499 exercitum
587 3434 752 3498 Salandini
763 3436 896 3498 omnino
906 3436 1064 3512 contrivit,
1074 3449 1107 3500 et
1117 3437 1152 3500 in
1163 3436 1272 3522 fugam

216 3547 262 3610 ire
279 3546 444 3633 compulit.
489 3545 607 3630 Sicque
623 3546 808 3631 aliquandiu
824 3547 855 3610 in
873 3568 982 3633 pugna
1001 3547 1064 3612 Dei
1084 3561 1195 3613 contra
1212 3549 1272 3612 ini·

217 3659 314 3722 micos
337 3659 447 3723 Crucis
466 3658 584 3723 Christi
602 3680 760 3745 pugnans,
772 3671 805 3722 ct
823 3680 878 3722 eos
900 3681 1001 3745 usque
1025 3681 1120 3744 quam
1139 3659 1272 3725 viriliter

239 3892 252 3918 ἣ
266 3891 356 3940 Navigii
359 3902 428 3940 genus
435 3893 561 3940 grandioris.
570 3905 583 3932 s
590 3894 731 3934 similitudine
738 3894 833 3944 pyxidis,
843 3905 892 3943 quas
901 3895 927 3933 sb
936 3894 1012 3942 Anulis
1019 3894 1094 3934 nassa
1101 3894 1188 3941 dicitur,
1195 3894 1271 3944 appel-

211 3969 290 4008 latum.
317 3967 452 4008 Ducsnes.
480 3968 584 4008 Ricardns
593 3979 632 4008 rex
641 3969 759 4018 Anglorum
768 3971 849 4010 habeus
862 3970 886 4009 iu
895 3969 1047 4010 comitstnsno
1055 3972 1078 4010 1³
1092 3978 1184 4020 magnas
1194 3981 1269 4020 naves,

214 4053 268 4092 quas
279 4041 368 4081 Buccss
377 4043 464 4081 vocant.
492 4042 600 4082 Rsnuss.
609 4053 640 4082 ns
650 4043 748 4082 Dtcsso.

242 4119 252 4162 t
267 4118 302 4156 An
309 4116 437 4164 interesting
445 4120 535 4155 sccoum
544 4115 568 4154 ot
573 4117 610 4156 the
619 4127 662 4156 war
668 4117 691 4156 in
700 4117 821 4166 cyrininus
829 4117 878 4158 well
884 4127 908 4158 ss
916 4117 942 4157 ot
948 4119 985 4159 the
993 4118 1062 4159 whols
1068 4118 1193 4169 expedition
1201 4121 1224 4158 to
1231 4118 1270 4158 the

214 4193 272 4241 uoty
281 4191 349 4239 Laud,
356 4202 404 4241 may
412 4192 439 4230 bs
445 4191 495 4230 read
504 4191 526 4232 in
534 4191 654 4232 vnessurs
665 4190 784 4232 Nsnativs.

240 4269 251 4314 1
265 4267 384 4307 otherwise
393 4265 461 4305 called
473 4267 537 4306 Aere.

240 4341 255 4380 1
270 4339 338 4378 Thess
346 4339 373 4386 is,
383 4339 513 4388 apparently.
522 4349 582 4378 seme
589 4349 648 4378 error
656 4350 680 4378 or
688 4339 812 4388 corruption
818 4339 841 4380 in
850 4339 886 4379 tlrs
895 4342 943 4379 text
951 4339 1009 4380 here„

727 4393 766 4452 13
