3212 5206
266 482 294 522 A.
303 479 329 520 D.
340 479 431 528 dil-878]
716 477 894 520 crinofflcorr.
1282 480 1306 518 4⁵

262 619 349 684 mine
384 614 610 700 Ethelingiam,
636 615 653 700 q
678 613 840 702 refugerit.
896 612 962 678 Ubi
998 627 1074 679 tnnc
1109 615 1242 702 contigit
1273 626 1308 679 ut

265 731 351 798 solus
358 728 446 794 domi
455 727 604 805 inclusuS,
615 726 708 791 sociis
717 726 757 791 ad
766 725 952 815 piscandum
971 725 1128 812 dispersis,
1138 725 1307 802 dormiret3

261 857 297 908 et
311 864 384 908 ecce
400 837 666 905 Lindisfamensis
678 838 873 904 Cuthbertus
883 839 1049 925 episcopus
1057 838 1160 903 verbis
1169 838 1219 902 his
1233 837 1309 902 allo-

264 955 371 1040 quitur
392 952 623 1028 dormientem3
659 949 763 1037 “Ego
789 973 860 1016 sum
885 949 1091 1029 Cuthbertus,
1117 951 1144 1016 si
1169 950 1308 1027 audisti3

263 1067 349 1132 misit
374 1087 425 1130 me
441 1056 615 1142 Dominus,
630 1078 667 1130 ut
681 1085 829 1152 prospera
843 1063 901 1128 tibi
916 1063 1077 1128 nunciam.
1122 1063 1207 1130 Quia
1222 1062 1309 1127 enirn

263 1177 383 1264 Anglia
406 1176 531 1242 dudum
555 1189 758 1264 peccatorum
782 1197 892 1262 poenas
916 1174 1090 1239 enormiter
1113 1173 1182 1251 luit,
1212 1173 1308 1239 modo

266 1290 396 1356 tandem
422 1291 521 1367 Deus,
545 1288 766 1376 indigenarum
795 1286 985 1353 Sanctorum
1007 1286 1128 1352 meritis
1153 1286 1310 1362 misertus
1331 1342 1336 1358 ,

261 1424 355 1487 super
364 1423 434 1467 cam
443 1399 685 1466 misericorditer
693 1399 829 1485 respicit.
875 1397 929 1463 Tu
939 1399 1143 1484 quoqne,qui
1159 1410 1221 1461 tarn
1233 1397 1309 1461 mis-

263 1514 423 1582 erabiliter
436 1536 455 1578 a
468 1535 568 1600 regno
582 1510 767 1587 excluderis,
783 1509 916 1595 gloriose
933 1521 1003 1594 post
1026 1531 1157 1595 parrum
1184 1521 1310 1594 tempus

264 1624 435 1712 reponeris.
480 1623 524 1690 Et
533 1624 593 1689 hoc
605 1623 731 1710 signnm
740 1620 871 1686 habebis
879 1607 1052 1685 eximium:
1075 1620 1206 1685 venient
1215 1620 1310 1685 hodie

265 1738 435 1824 piscatores
459 1735 517 1812 tui,
532 1755 678 1821 magnam
701 1731 836 1818 piscium
859 1732 983 1818 copiam
1008 1732 1193 1807 afferentem
1225 1729 1311 1814 quod

266 1846 326 1911 erit
342 1868 381 1910 eo
395 1843 576 1920 mirabilius,
593 1841 679 1926 quod
698 1841 873 1907 hisdiebus
893 1841 1007 1906 fluvius
1021 1841 1202 1928 congelatus
1223 1840 1303 1905 nihil

265 1956 326 2021 tale
340 1977 464 2043 sperare
478 1953 643 2041 promittit.
679 1952 781 2036 Super
792 1952 861 2028 hoc,
875 1953 969 2017 etiam
983 1951 1088 2039 gelido
1100 1974 1168 2017 rore
1184 1952 1304 2017 stillans

265 2089 320 2132 aer
341 2087 469 2132 omnem
487 2065 675 2151 piscantium
700 2076 800 2127 artem
815 2062 944 2127 eludit”
991 2063 1094 2129 Simili
1109 2063 1203 2130 modo
1218 2064 1304 2128 idem

207 2197 210 2206 ’
268 2178 403 2244 Sanctus
435 2177 580 2262 apparuit
609 2174 702 2239 matri
723 2197 795 2252 sua,
819 2187 851 2239 et
881 2172 1021 2261 ejusdem
1051 2176 1160 2242 nuncii
1190 2175 1299 2242 laetitia

265 2289 472 2356 comfortavit.
526 2287 573 2352 At
604 2309 703 2371 quum
728 2285 830 2350 ¹umbo
860 2285 945 2350 idem
979 2309 1012 2352 se
1043 2289 1213 2354 somniasse
1242 2289 1301 2353 fre-

265 2402 377 2490 quenti
407 2401 575 2465 verborum
606 2420 738 2464 recursu
770 2378 930 2478 iterarent,
962 2399 1130 2486 piscatores
1170 2399 1303 2487 ingressi

265 2526 340 2578 sunt
361 2533 436 2576 cum
458 2523 545 2575 tanta
566 2510 701 2604 piscium
723 2509 823 2598 copia,
839 2523 877 2575 nt
897 2512 1005 2598 magni
1025 2511 1180 2577 exercitus
1201 2511 1304 2598 inglu-

264 2624 348 2687 viem
366 2634 544 2687 exsaturare
570 2643 660 2707 posse
685 2619 853 2687 videretur.
898 2622 968 2686 Nec
991 2622 1091 2687 multo
1113 2634 1193 2709 post,
1215 2623 1300 2688 exire

265 2754 359 2798 ausus
374 2731 413 2796 ab
431 2731 544 2810 insula,
559 2731 698 2816 periculo
722 2753 755 2795 se
781 2730 879 2808 dedit,
894 2742 928 2796 et
951 2731 1034 2818 regis
1059 2731 1224 2798 Danorum
1247 2736 1307 2800 sub

265 2827 368 2927 specie
384 2842 472 2906 mimi
486 2841 613 2906 subiens
628 2841 771 2919 tentoria,
786 2854 823 2907 ut
832 2842 993 2928 jocularia
1007 2845 1081 2909 artis
1096 2843 1259 2932 professor,
1271 2846 1305 2910 in

266 2953 432 3018 secretiora
447 2950 574 3019 triclinii
590 2950 750 3033 admissus,
766 2951 812 3016 nil
837 2952 897 3017 tuit
921 2975 1071 3020 arcanum
1096 2954 1181 3040 quod
1201 2956 1299 3022 oculis

263 3088 329 3130 non
345 3066 506 3150 exciperet
519 3064 571 3128 vel
584 3064 731 3142 auribus3
755 3065 847 3130 etsie
862 3064 903 3130 ed
924 3066 1060 3133 insulam
1081 3067 1242 3152 preafatam
1259 3091 1308 3135 re-

264 3176 333 3241 diit.
379 3175 646 3262 congregatisque
662 3175 830 3240 comitibus
845 3186 878 3239 et
892 3175 1047 3252 animatis,
1062 3178 1194 3265 exponit
1204 3179 1309 3242 inimi-

263 3308 372 3351 corum
387 3285 488 3350 otium
497 3309 509 3362 ,·
532 3284 761 3370 praemissisque
779 3283 1037 3372 exploratoribus,
1052 3287 1180 3354 eosdem
1198 3289 1301 3354 incre·

264 3397 355 3463 dibili
368 3411 470 3484 strage
485 3396 601 3467 caedit:
633 3396 729 3462 etsie
750 3394 867 3460 residui
882 3418 956 3462 cum
975 3418 1049 3485 rege
1069 3419 1127 3464 suo
1146 3399 1303 3466 dederunt

265 3507 401 3586 obsides,
417 3507 502 3593 quod
517 3507 784 3574 Christianitatem
800 3507 1013 3594 susciperent:
1038 3509 1121 3594 quod
1141 3523 1175 3576 et
1187 3510 1307 3576 factum

270 3832 353 3883 symple
359 3835 497 3882 Gramsryon
502 3832 536 3873 lor
541 3833 588 3872 that
595 3836 652 3884 tyme
659 3845 702 3874 was
709 3837 746 3875 not
753 3845 793 3875 one
801 3835 873 3876 tenter
878 3835 903 3875 ot
907 3845 997 3884 grsnrer,
1006 3835 1028 3876 ln
1037 3836 1100 3878 alliis
1108 3837 1224 3889 kyngdonr.
1237 3837 1315 3879 There·

267 3900 301 3940 tor
313 3902 342 3950 by
349 3900 451 3949 eonnseyl
458 3899 482 3938 ot
489 3900 570 3938 Neotus
579 3901 615 3940 the
623 3902 780 3948 abbctt,whom
787 3903 815 3942 he
823 3903 913 3951 vyryted
921 3903 985 3952 ryght
992 3903 1043 3950 orte,
1050 3904 1078 3943 he
1093 3913 1136 3944 vac
1144 3906 1181 3945 the
1190 3906 1256 3955 &rste
1268 3905 1316 3945 that

267 3968 378 4017 ordeyned
395 3977 472 4016 comyn
480 3966 546 4006 scolas
554 3971 576 4006 at
585 3968 695 4008 oxenford
709 3968 734 4008 ot
739 3968 816 4018 dyuars
825 3972 882 4009 artes
891 3969 933 4009 ond
942 3980 1047 4026 scyences.
1057 3971 1098 4010 and
1108 3972 1210 4020 procursd
1218 3971 1313 4012 tredome

268 4035 311 4074 and
324 4034 448 4084 pryveleges
461 4033 483 4072 in
497 4044 562 4083 many
572 4034 657 4074 articles
669 4039 691 4074 to
703 4035 750 4074 that
760 4035 819 4085 cyte3
840 4035 867 4075 he
876 4035 958 4076 sutlted
966 4047 1052 4076 noman
1062 4039 1139 4078 totake
1147 4039 1210 4088 degre
1218 4038 1315 4084 orordre.

270 4104 292 4141 to
305 4102 362 4140 what
375 4111 449 4140 maner
461 4101 553 4150 dygnyte
565 4101 589 4140 of
600 4101 650 4150 hely
664 4102 801 4149 chironeum
813 4103 841 4143 he
854 4113 908 4143 were
921 4104 962 4144 wel
974 4103 1071 4144 lettred.'’
1087 4105 1137 4145 orn
1150 4115 1315 4146 resurrectos

268 4176 295 4206 or
309 4177 357 4206 rus
372 4166 510 4206 Porrcrrnorr
533 4167 553 4206 b.
563 4167 582 4214 ⁵,
595 4177 613 4206 c.
625 4170 641 4207 1.

295 4236 305 4282 t
325 4234 464 4282 Athelney,a
479 4234 546 4284 rising
557 4238 605 4284 spot
618 4235 642 4274 ot
656 4236 747 4286 monna,
761 4235 861 4287 formerly
880 4247 907 4277 nn
920 4236 989 4279 leland
1002 4239 1025 4280 tn
1038 4239 1210 4287 somersetshtre,
1223 4239 1308 4280 washed

271 4302 299 4352 by
312 4301 348 4340 the
361 4304 437 4341 waters
446 4301 469 4341 ol
479 4301 516 4341 the
529 4302 585 4342 river
598 4299 679 4342 Thone.
