3252 5170
371 541 434 606 136
802 558 980 606 exesum

417 712 500 788 Quis
518 711 769 778 Wintoniensem
795 712 899 777 visens
922 709 1100 787 ecclesiam,
1116 721 1149 774 et
1167 708 1265 794 patris
1287 706 1423 774 Ernst.-

370 843 483 887 wAum
493 834 583 911 gesta
593 823 766 902 revolvens,
778 844 844 887 non
855 822 965 886 laudet
974 832 1107 906 patrem,
1120 819 1176 906 qui
1185 819 1270 884 solus
1280 820 1356 886 facit
1367 843 1426 906 per

371 956 405 998 se
421 947 454 1000 et
468 957 541 999 suos
555 934 732 999 miracula?
755 933 874 1018 Oquot
888 930 1160 1016 eeclesiaspraesul
1170 929 1223 995 ille
1239 930 1312 996 Deo
1333 932 1424 996 insti-

373 1044 455 1110 tuitl
477 1057 556 1129 quot
570 1045 834 1132 congregationes
841 1042 1037 1130 regularibus
1048 1041 1222 1128 disciplinis
1236 1042 1420 1128 insignivitl

373 1168 453 1242 quot
466 1156 637 1242 impietatis
652 1154 801 1220 incendia
814 1176 884 1219 rore
900 1153 1000 1218 sancti
1017 1151 1153 1238 Spiritus
1168 1151 1325 1218 extinxit!
1347 1151 1419 1216 Illic

370 1287 496 1350 quoque
511 1265 612 1330 sancti
627 1265 724 1351 patris
736 1263 905 1329 swnnnu
919 1261 1030 1327 laudes
1048 1261 1170 1326 videbis
1190 1262 1245 1346 qui
1258 1261 1422 1326 fortissimi

373 1376 458 1463 regis
474 1375 630 1441 Eussner
645 1374 788 1440 assiduus
799 1387 832 1440 et
846 1375 918 1461 pius
928 1372 1110 1439 Ethelwulfi
1123 1372 1183 1437 filii
1192 1372 1261 1458 ejus
1272 1372 1427 1438 educator

368 1485 441 1552 fuit.
486 1485 778 1552 Ethelwulfusvero
799 1484 840 1549 de
856 1484 1006 1549 clericatu
1032 1461 1201 1548 translatus
1227 1482 1268 1547 ad
1282 1504 1419 1570 regnum

369 1617 521 1660 concessu
536 1595 655 1661 Leonis
679 1594 773 1682 Papae
797 1593 994 1679 pontificavit
1019 1615 1093 1657 cunr
1118 1593 1263 1659 feliciter.
1308 1593 1421 1660 Tertio

368 1727 445 1771 vero
461 1728 546 1771 anno
555 1705 730 1772 Ethelberti
740 1704 824 1790 regis
835 1703 893 1768 filii
903 1703 1095 1781 Ethelwulfi‚
1111 1704 1158 1767 vir
1170 1715 1297 1769 sanctus
1312 1704 1422 1769 deces-

369 1816 411 1880 sit
425 1837 499 1881 cum
513 1815 622 1902 glorie.

414 1925 466 1990 Ibi
481 1927 578 1990 etiam
592 1924 695 1990 Birini
710 1923 850 2008 praesulis
866 1925 1102 2002 Dorcecestriae,
1124 1947 1196 2011 quae
1215 1925 1312 1991 modo
1329 1925 1421 1992 sedes

369 2035 412 2100 ad
426 2035 628 2101 Lincolniam
644 2035 793 2100 translata
808 2047 865 2113 est,
880 2034 1032 2098 miracula
1043 2057 1159 2121 magna
1172 2034 1305 2100 videbis.

415 2149 661 2215 Schireburnam
675 2171 750 2214 vero
760 2162 883 2234 petens,
900 2147 1074 2226 Aldhelmi,
1096 2148 1240 2234 ejusdem
1257 2149 1319 2215 loci
1337 2151 1422 2235 epis·

371 2260 454 2346 copi,
477 2259 629 2324 miracula
650 2281 770 2336 cernes,
797 2283 866 2343 quse
895 2258 992 2323 modo
1015 2257 1107 2322 sedes
1136 2258 1177 2322 ad
1205 2258 1422 2326 Saresburiam

370 2369 520 2433 translata
535 2381 592 2432 est.
640 2367 762 2432 Cernes
782 2368 827 2431 ibi
846 2390 978 2452 magnos
996 2368 1092 2454 patris
1114 2369 1222 2454 magni
1245 2370 1422 2457 triumphos

368 2492 402 2544 et
416 2479 450 2542 in
465 2479 550 2544 beati
564 2477 674 2543 laudes
690 2477 913 2565 triumphantis
927 2500 1082 2563 erumpes.

416 2589 565 2654 Kinelmi
576 2612 649 2654 vero
659 2589 844 2676 martyrium
855 2587 1088 2652 clandestinum
1098 2587 1185 2674 leges
1196 2589 1419 2675 apudWinch-

370 2698 523 2763 elcombc.
569 2699 635 2763 Hic
663 2698 724 2762 fuit
749 2698 833 2762 filius
861 2699 945 2783 regis
960 2697 1157 2762 Merciorum
1181 2699 1343 2765 Kenwulfi
1366 2701 1422 2785 qui

371 2832 471 2892 quum
485 2807 608 2872 XXIV
627 2809 719 2872 annis
737 2821 907 2894 regnasset,
923 2830 1007 2872 anno
1022 2809 1130 2893 grstiae
1152 2807 1268 2872 DCCC
1288 2822 1321 2874 et
1333 2809 1420 2874 XIX

370 2918 515 2982 decessit.
559 2919 754 3004 Martyrium
769 2941 843 2982 vero
856 2918 1009 2982 Kenelmi
1024 2917 1083 2981 filii
1098 2919 1167 3004 ejus
1181 2919 1356 2984 revelatum
1374 2933 1423 2985 est

372 3026 497 3094 coelitus
509 3026 622 3092 Romae
641 3026 791 3092 Silvestre
798 3027 917 3112 juniori
929 3049 1028 3114 papae.

413 3137 584 3222 Milburgae
599 3159 674 3214 vero
688 3135 876 3220 virginalem
891 3135 1012 3202 videbis
1020 3138 1116 3202 vitatu
1128 3138 1212 3224 apud
1234 3139 1415 3218 Winlocsn‚

371 3270 443 3332 quae
457 3249 518 3313 suit
532 3247 599 3310 filia
613 3246 759 3310 Merwali
778 3247 834 3310 filii
855 3246 976 3312 Pendae
996 3247 1078 3333 regis
1095 3261 1128 3312 et
1149 3250 1326 3316 Domnevae
1345 3250 1418 3316 filiae

372 3357 560 3422 Ermenredi
570 3357 627 3422 filii
639 3358 723 3442 regis
736 3355 872 3420 Edbaldi
883 3358 1070 3422 Cantuariae.

416 3468 567 3554 Milgitha
597 3489 671 3531 vero
701 3489 787 3530 soros
812 3467 881 3552 ejus
910 3467 944 3531 in
974 3468 1092 3531 finibus
1116 3468 1422 3536 Northanhumbriae

373 3577 514 3662 quiescit.

417 3685 593 3750 Mildrithae
620 3708 695 3750 vero
720 3686 820 3750 tertiae
844 3685 958 3750 sororis
981 3686 1121 3750 caelibern
1138 3687 1236 3752 vitam
1264 3688 1296 3751 in
1323 3688 1424 3754 insule

370 3795 496 3860 Thanet
511 3795 657 3879 reperies.

416 3905 600 3968 Rumwaldi
615 3906 711 3969 vitam
733 3904 854 3969 videbis
874 3904 1050 3969 mirandam
1073 3906 1157 3992 apud
1179 3907 1423 3994 Buchingeham

376 4041 468 4106 super
477 4019 594 4082 flumen
608 4017 685 4081 Use.

415 4127 511 4192 Necti
533 4149 607 4190 vero
628 4127 723 4190 vitam
747 4125 940 4190 laudabilem
964 4127 1070 4192 videre
1090 4130 1207 4214 poteris
1227 4152 1281 4214 per
1301 4130 1422 4194 flumen

371 4240 570 4324 praedictum‚
588 4238 707 4302 scilicet
725 4237 802 4314 Use,
819 4237 990 4303 decurrens
1011 4262 1111 4325 usquc
1133 4240 1166 4302 in
1190 4239 1421 4305 liuntindune-
