3212 5206
255 453 278 493 76
626 453 752 492 llENlilCI
780 452 819 492 DE
845 451 992 492 emanavi:
1170 449 1235 500 [AD.
1252 451 1313 490 loos„

249 592 321 675 jure
337 586 428 652 (lueis
449 602 481 652 et
496 606 552 652 sua
566 589 692 674 injuria,
716 587 864 652 redderet
879 590 908 653 ei
932 582 1094 673 Angliam.
1142 585 1206 650 Cui
1232 586 1307 650 Rex

247 697 694 782 contumelioseresponditet
705 710 868 784 proterve3
891 697 1072 761 ‹lucietiam
1082 697 1168 760 diem
1180 694 1310 760 Sabbati

256 809 437 894 proximum
459 808 542 873 bello
567 808 797 873 committendo
824 810 968 894 praefixit.
1014 807 1204 884 Monachus,
1233 827 1305 890 quae

249 918 410 996 audierat,
425 917 502 981 duci
516 919 690 982 nunciavit.
737 918 831 982 Tune
853 918 941 983 misit
959 919 1029 982 ll'ex
1043 919 1198 982 nuntium
1221 917 1305 993 duci,

254 1028 413 1094 mandans
435 1027 522 1114 quod
545 1027 680 1092 libenter
702 1029 732 1092 ei
754 1029 844 1092 daret
865 1047 961 1092 naves
980 1027 1025 1092 'ad
1052 1027 1253 1092 redeundum
1275 1029 1309 1091 in

252 1139 487 1204 Normanniam
502 1139 718 1223 etpeouniem
747 1139 921 1202 infinitam.
969 1137 1033 1204 Cui
1053 1139 1121 1203 dux
1133 1138 1308 1224 respondit,

251 1272 289 1315 se
306 1271 373 1313 non
384 1248 551 1314 veniese'in
564 1248 715 1334 Angliam
726 1271 800 1312 eum
812 1263 902 1312 tanto
923 1250 1066 1313 exercitu
1075 1269 1134 1335 pro
1147 1247 1309 1333 capiendis

254 1361 402 1437 donariis,
420 1361 476 1424 sed
489 1379 548 1445 pro
574 1375 674 1446 regno
700 1360 885 1425 obtinendo.
933 1359 1063 1426 Nunnio
1093 1363 1190 1426 etiam
1213 1361 1308 1446 jussit

253 1471 326 1536 dari
340 1491 460 1555 equum
483 1484 519 1536 'et
541 1493 675 1556 pannos.
724 1471 799 1546 Quo
814 1469 962 1536 veniente
985 1487 1091 1537 eoram
1117 1473 1208 1558 Rege
1234 1495 1310 1536 cum

254 1575 345 1639 novis
360 1574 510 1650 vestibus,
528 1573 666 1638 narravit
681 1572 771 1636 altreie
786 1594 983 1658 responsum,
1008 1587 1041 1637 et
1066 1573 1202 1637 honores
1226 1593 1313 1658 quos

255 1685 322 1750 dux
332 1684 450 1750 fecerat
464 1684 503 1749 ei.
551 1683 645 1747 Tunc
660 1684 813 1768 poenituit
829 1682 912 1769 Regi
925 1681 1011 1767 quod
1022 1683 1179 1748 monacho
1195 1695 1310 1749 contu·-

257 1786 385 1852 meliose
401 1787 575 1873 respondit.

299 1925 429 1988 Interea
444 1924 706 1988 convenientibus
723 1923 863 1988 Londini
879 1945 918 1988 ex
936 1925 1024 1988 omni
1043 1936 1130 2007 parte
1152 1923 1313 2008 gentibus,

254 2034 409 2118 persuasit
425 2032 532 2097 Gurth
543 2033 639 2097 frater
653 2035 745 2120 regis,
759 2035 844 2117 quod
859 2055 914 2097 rex
927 2032 1068 2096 Londini
1077 2045 1263 2108 remaneret,
1276 2045 1310 2096 et

256 2145 362 2230 ipsum
374 2143 603 2209 ‘cumenemitu
627 2145 769 2209 mitteret
794 2151 905 2209 contra
924 2142 1050 2207 ducem.
1099 2141 1164 2206 Oui
1183 2154 1250 2219 rex,
1267 2153 1304 2206 ut

253 2260 323 2318 erat
338 2255 502 2340 superbus,
518 2254 749 2331 contradicens,
768 2254 928 2340 profectus
952 2266 1000 2318 eet
1013 2261 1114 2336 usqite
1131 2251 1241 2317 locum
1253 2253 1310 2317 ubt

254 2379 344 2429 nune
359 2379 407 2430 e‘st
417 2357 558 2430 -Abbatia
573 2366 613 2430 de
631 2365 754 2446 Bello.‡
777 2363 921 2429 ²Sedviso
936 2365 1077 2428 exercitu
1093 2363 1191 2441 d'ueis,
1213 2375 1310 2447 quem

253 2476 323 2560 ipse
340 2475 413 2540 Rex
436 2497 510 2540 oum
530 2475 644 2540 eodem
662 2474 770 2538 Gurth
785 2473 843 2538 soli
866 2475 1086 2536 examinantes
1111 2485 1145 2536 et
1159 2472 1303 2558 privatim

253 2585 455 2672 explorantes
469 2599 705 2673 perspexerunt,
722 2599 799 2649 tunc
826 2583 956 2649 demum
972 2583 1092 2670 placuit
1106 2575 1174 2670 regi
1196 2585 1303 2649 'consi-

249 2691 330 2760 lium
355 2695 468 2772 fratris,
499 2709 532 2760 et
562 2695 666 2760 voluit
686 2695 791 2760 redire
823 2685 1021 2759 Londinum.
1069 2694 1134 2759 Sed
1151 2695 1257 2760 Gurtlr
1274 2695 1305 2758 ei

254 2804 391 2890 turpiter
405 2805 558 2870 insultans
574 2820 607 2870 et
621 2803 889 2890 pusillanimitatis
909 2825 1046 2891 arguens
1066 2818 1100 2870 et
1114 2805 1305 2880 convicians,

255 2935 322 2980 non
337 2929 386 2979 est
401 2935 507 2999 passus
522 2916 629 3000 ipsum
644 2916 739 2980 abire.
785 2915 880 2980 Tune
896 2917 983 2980 misit
1000 2915 1072 2979 Rex
1088 2915 1169 2981 duos
1183 2915 1306 3002 Anglos

255 3025 549 3110 adexplorandum,
566 3023 685 3111 quibus
700 3027 800 3113 captis
825 3050 844 3091 a
871 3025 1076 3103 Normannis,
1102 3023 1178 3102 dux,
1202 3027 1306 3090 sciens

260 3155 315 3201 eos
337 3135 558 3221 exploratores,
585 3135 660 3202 feeit
689 3159 744 3201 eos
765 3137 882 3202 deduci
911 3155 968 3224 per
998 3137 1306 3222 totum‚exercitum

251 3268 358 3323 'suum
374 3257 407 3310 et
422 3247 530 3310 omnia
543 3246 590 3310 eis
611 3248 759 3324 ostendit,
776 3260 809 3312 et
831 3248 962 3332 quietos
978 3247 1099 3311 remisit
1114 3245 1154 3310 ad
1181 3268 1303 3332 regem.

255 3355 406 3433 Quorum
417 3377 500 3422 unus
521 3369 638 3444 putans
651 3357 765 3422 milites
777 3358 867 3423 ducis
881 3381 949 3424 esse
963 3356 1155 3434 sacerdotes
1170 3358 1306 3441 eoquod

254 3470 338 3533 tonsi
350 3484 464 3546 essent,
481 3468 563 3534 dixit
579 3470 670 3554 Regi,
684 3470 770 3554 quod
784 3469 850 3533 dux
865 3469 971 3556 plures
982 3466 1112 3532 haberet
1128 3463 1308 3532 sacerdotes

249 3599 350 3664 qnam
364 3582 491 3646 milites.
534 3582 633 3666 Cujus
648 3582 817 3645 veritatem
831 3598 886 3644 rex
906 3581 1018 3655 sciens,
1045 3577 1127 3642 dixit
1153 3576 1239 3664 qnod
1258 3575 1306 3643 illi

254 3693 318 3756 rasi
331 3705 365 3756 et
380 3692 473 3768 tonsi,
490 3689 602 3776 optimi
617 3687 735 3755 milites
750 3693 893 3767 essentis

284 3977 295 4025 ι
314 3973 476 4022 Bettleabbey.

275 4057 294 4109 ll
311 4067 380 4106 These
389 4063 448 4114 splen
455 4063 553 4112 reported
561 4063 607 4102 that
616 4062 644 4103 all
654 4064 667 4085 ‘¹
678 4062 742 4102 Duke
751 4051 868 4110 Willyam’s
878 4051 989 4111 soldyours
997 4072 1051 4102 were
1057 4063 1154 4112 preestis,
1162 4064 1195 4103 for
1203 4064 1254 4112 they
1263 4064 1306 4104 had

250 4141 316 4191 ‘then
324 4140 399 4190 lyppes
408 4137 450 4177 'and
459 4136 537 4176 ehekes
545 4136 626 4176 flueren
635 4149 640 4184 ς
649 4135 691 4174 and
700 4136 736 4175 the
746 4133 925 4184 Englymhemen,
934 4138 957 4173 at
972 4135 1032 4174 these
1040 4135 1100 4184 days,
1108 4133 1161 4176 used
1169 4137 1205 4176 the
1221 4137 1272 4176 heer
1282 4135 1308 4176 'ot

245 4207 374 4264 ‘menone
390 4213 465 4262 lyppes
476 4209 558 4250 thadee
573 4210 616 4250 and
631 4209 767 4250 netsheuen.
784 4209 828 4249 But
844 4209 928 4249 Harold
943 4213 997 4249 unte
1012 4210 1061 4249 that
1074 4205 1183 4250 attineret
1196 4211 1239 4251 end
1254 4211 1307 4262 saytl

251 4291 327 4343 “ruer
334 4292 360 4333 be
367 4301 397 4332 no
403 4291 503 4341 preestes,
512 4289 551 4330 but
558 4287 608 4338 they
617 4297 652 4329 are
660 4285 782 4328 stnwonm
790 4285 832 4328 end
841 4271 916 4336 sturdy
925 4285 1059 4336 Knyghtese·
1072 4275 1178 4335 Pteron,
1186 4297 1207 4338 p.
1221 4287 1266 4328 tte.
