<?xml version="1.0" encoding="UTF-8"?>
<!DOCTYPE html PUBLIC "-//W3C//DTD XHTML 1.0 Transitional//EN"
    "http://www.w3.org/TR/xhtml1/DTD/xhtml1-transitional.dtd">
<html xmlns="http://www.w3.org/1999/xhtml" xml:lang="en" lang="en">
 <head>
  <title>
</title>
<meta http-equiv="Content-Type" content="text/html;charset=utf-8" />
  <meta name='ocr-system' content='tesseract 3.04.00' />
  <meta name='ocr-capabilities' content='ocr_page ocr_carea ocr_par ocr_line ocrx_word'/>
</head>
<body>
  <div class='ocr_page' id='page_1' title='image "./chroniconhenric01henrgoog_0072.png"; bbox 0 0 3212 5206; ppageno 0'>
   <div class='ocr_carea' id='block_1_1' title="bbox 254 471 1350 531">
    <p class='ocr_par' dir='ltr' id='par_1_1' title="bbox 254 471 1350 531">
     <span class='ocr_line' id='line_1_1' title="bbox 254 471 1350 531; baseline -0.011 -8"><span class='ocrx_word' id='word_1_1' title='bbox 254 477 280 523; x_wconf 82' lang='grc' dir='ltr'><strong>Ᾰ.</strong></span> <span class='ocrx_word' id='word_1_2' title='bbox 295 481 322 523; x_wconf 83' lang='lat' dir='ltr'><strong>D.</strong></span> <span class='ocrx_word' id='word_1_3' title='bbox 338 479 403 531; x_wconf 74' lang='lat' dir='ltr'><strong>tota]</strong></span> <span class='ocrx_word' id='word_1_4' title='bbox 683 476 862 520; x_wconf 76' lang='lat' dir='ltr'><strong>CHRONICON.</strong></span> <span class='ocrx_word' id='word_1_5' title='bbox 1324 471 1350 512; x_wconf 74' lang='lat'><strong>87</strong></span> 
     </span>
    </p>
   </div>
   <div class='ocr_carea' id='block_1_2' title="bbox 253 606 1361 2684">
    <p class='ocr_par' dir='ltr' id='par_1_2' title="bbox 253 606 1357 1673">
     <span class='ocr_line' id='line_1_2' title="bbox 254 606 1350 700; baseline -0.01 -20"><span class='ocrx_word' id='word_1_6' title='bbox 254 629 420 682; x_wconf 81' lang='lat' dir='ltr'><strong>reservata.</strong></span> <span class='ocrx_word' id='word_1_7' title='bbox 467 612 574 700; x_wconf 91' lang='lat' dir='ltr'><strong>Hujus</strong></span> <span class='ocrx_word' id='word_1_8' title='bbox 593 613 639 676; x_wconf 89' lang='lat' dir='ltr'><strong>rei</strong></span> <span class='ocrx_word' id='word_1_9' title='bbox 651 634 753 689; x_wconf 89' lang='lat' dir='ltr'><strong>causa,</strong></span> <span class='ocrx_word' id='word_1_10' title='bbox 768 613 954 698; x_wconf 87' lang='lat' dir='ltr'><strong>Livingus,†</strong></span> <span class='ocrx_word' id='word_1_11' title='bbox 969 611 1136 696; x_wconf 89' lang='lat' dir='ltr'><strong>episcopus</strong></span> <span class='ocrx_word' id='word_1_12' title='bbox 1165 606 1350 683; x_wconf 85' lang='lat' dir='ltr'><strong>Cridiensis‚</strong></span> 
     </span>
     <span class='ocr_line' id='line_1_3' title="bbox 255 721 1352 814; baseline -0.009 -23"><span class='ocrx_word' id='word_1_13' title='bbox 255 729 330 814; x_wconf 86' lang='lat' dir='ltr'><strong>quia</strong></span> <span class='ocrx_word' id='word_1_14' title='bbox 344 727 435 792; x_wconf 89' lang='lat' dir='ltr'><strong>illum</strong></span> <span class='ocrx_word' id='word_1_15' title='bbox 449 738 610 789; x_wconf 84' lang='lat' dir='ltr'><strong>auctorem</strong></span> <span class='ocrx_word' id='word_1_16' title='bbox 626 723 700 788; x_wconf 87' lang='lat' dir='ltr'><strong>facti</strong></span> <span class='ocrx_word' id='word_1_17' title='bbox 717 723 799 788; x_wconf 85' lang='lat' dir='ltr'><strong>fama</strong></span> <span class='ocrx_word' id='word_1_18' title='bbox 819 722 986 797; x_wconf 84' lang='lat' dir='ltr'>asserebat,</span> <span class='ocrx_word' id='word_1_19' title='bbox 1002 721 1041 784; x_wconf 91' lang='lat' dir='ltr'><strong>ab</strong></span> <span class='ocrx_word' id='word_1_20' title='bbox 1060 721 1244 806; x_wconf 89' lang='lat' dir='ltr'><strong>episcopatu</strong></span> <span class='ocrx_word' id='word_1_21' title='bbox 1261 724 1352 808; x_wconf 90' lang='lat' dir='ltr'><strong>jussu</strong></span> 
     </span>
     <span class='ocr_line' id='line_1_4' title="bbox 253 832 1353 923; baseline -0.006 -21"><span class='ocrx_word' id='word_1_22' title='bbox 253 839 335 923; x_wconf 83' lang='lat' dir='ltr'><strong>regis</strong></span> <span class='ocrx_word' id='word_1_23' title='bbox 357 835 546 901; x_wconf 86' lang='lat' dir='ltr'><strong>extruditur.</strong></span> <span class='ocrx_word' id='word_1_24' title='bbox 595 833 660 899; x_wconf 88' lang='lat' dir='ltr'><strong>Sed</strong></span> <span class='ocrx_word' id='word_1_25' title='bbox 689 848 761 920; x_wconf 90' lang='lat' dir='ltr'><strong>post</strong></span> <span class='ocrx_word' id='word_1_26' title='bbox 790 854 909 897; x_wconf 91' lang='lat' dir='ltr'><strong>annum</strong></span> <span class='ocrx_word' id='word_1_27' title='bbox 938 854 1014 918; x_wconf 84' lang='lat' dir='ltr'><strong>rege</strong></span> <span class='ocrx_word' id='word_1_28' title='bbox 1040 832 1178 918; x_wconf 89' lang='lat' dir='ltr'><strong>pecunia</strong></span> <span class='ocrx_word' id='word_1_29' title='bbox 1208 845 1353 897; x_wconf 89' lang='lat' dir='ltr'><strong>serenato</strong></span> 
     </span>
     <span class='ocr_line' id='line_1_5' title="bbox 253 941 1353 1028; baseline -0.005 -17"><span class='ocrx_word' id='word_1_30' title='bbox 253 947 437 1011; x_wconf 87' lang='lat' dir='ltr'><strong>restituitur.</strong></span> <span class='ocrx_word' id='word_1_31' title='bbox 484 944 663 1009; x_wconf 85' lang='lat' dir='ltr'><strong>Godwinus</strong></span> <span class='ocrx_word' id='word_1_32' title='bbox 684 945 779 1008; x_wconf 88' lang='lat' dir='ltr'><strong>etiarn</strong></span> <span class='ocrx_word' id='word_1_33' title='bbox 806 943 847 1006; x_wconf 90' lang='lat' dir='ltr'><strong>ad</strong></span> <span class='ocrx_word' id='word_1_34' title='bbox 862 942 1082 1028; x_wconf 82' lang='lat' dir='ltr'><strong>purgationem</strong></span> <span class='ocrx_word' id='word_1_35' title='bbox 1099 963 1195 1028; x_wconf 90' lang='lat' dir='ltr'><strong>super</strong></span> <span class='ocrx_word' id='word_1_36' title='bbox 1209 941 1353 1028; x_wconf 86' lang='lat' dir='ltr'><strong>ejusdem</strong></span> 
     </span>
     <span class='ocr_line' id='line_1_6' title="bbox 254 1029 1355 1141; baseline -0.005 -21"><span class='ocrx_word' id='word_1_37' title='bbox 254 1079 333 1120; x_wconf 89' lang='lat' dir='ltr'><strong>nece</strong></span> <span class='ocrx_word' id='word_1_38' title='bbox 359 1055 570 1141; x_wconf 82' lang='lat' dir='ltr'><strong>compellitur,</strong></span> <span class='ocrx_word' id='word_1_39' title='bbox 589 1055 645 1141; x_wconf 91' lang='lat' dir='ltr'><strong>qui</strong></span> <span class='ocrx_word' id='word_1_40' title='bbox 666 1076 723 1140; x_wconf 89' lang='lat' dir='ltr'><strong>pro</strong></span> <span class='ocrx_word' id='word_1_41' title='bbox 748 1054 848 1139; x_wconf 89' lang='lat' dir='ltr'><strong>gratia</strong></span> <span class='ocrx_word' id='word_1_42' title='bbox 869 1053 952 1139; x_wconf 84' lang='lat' dir='ltr'><strong>regis</strong></span> <span class='ocrx_word' id='word_1_43' title='bbox 965 1056 978 1136; x_wconf 75' lang='lat' dir='ltr'><strong>ll</strong></span> <span class='ocrx_word' id='word_1_44' title='bbox 997 1029 1122 1138; x_wconf 87' lang='lat' dir='ltr'><strong>plenius</strong></span> <span class='ocrx_word' id='word_1_45' title='bbox 1137 1050 1355 1138; x_wconf 87' lang='lat' dir='ltr'><strong>recuperanda</strong></span> 
     </span>
     <span class='ocr_line' id='line_1_7' title="bbox 259 1159 1355 1250; baseline -0.005 -20"><span class='ocrx_word' id='word_1_46' title='bbox 259 1166 349 1230; x_wconf 89' lang='lat' dir='ltr'><strong>dedit</strong></span> <span class='ocrx_word' id='word_1_47' title='bbox 371 1167 402 1230; x_wconf 88' lang='lat' dir='ltr'><strong>ei</strong></span> <span class='ocrx_word' id='word_1_48' title='bbox 423 1187 538 1229; x_wconf 89' lang='lat' dir='ltr'><strong>navem</strong></span> <span class='ocrx_word' id='word_1_49' title='bbox 561 1187 638 1228; x_wconf 89' lang='lat' dir='ltr'><strong>auro</strong></span> <span class='ocrx_word' id='word_1_50' title='bbox 659 1159 835 1240; x_wconf 81' lang='lat' dir='ltr'><strong>rostratam,</strong></span> <span class='ocrx_word' id='word_1_51' title='bbox 856 1164 1030 1228; x_wconf 85' lang='lat' dir='ltr'><strong>habentem</strong></span> <span class='ocrx_word' id='word_1_52' title='bbox 1052 1163 1215 1250; x_wconf 86' lang='lat' dir='ltr'><strong>octoginta</strong></span> <span class='ocrx_word' id='word_1_53' title='bbox 1237 1163 1355 1226; x_wconf 89' lang='lat' dir='ltr'><strong>milites</strong></span> 
     </span>
     <span class='ocr_line' id='line_1_8' title="bbox 254 1273 1354 1362; baseline -0.005 -20"><span class='ocrx_word' id='word_1_54' title='bbox 254 1278 408 1342; x_wconf 85' lang='lat' dir='ltr'><strong>habentes</strong></span> <span class='ocrx_word' id='word_1_55' title='bbox 424 1276 457 1340; x_wconf 93' lang='lat' dir='ltr'><strong>in</strong></span> <span class='ocrx_word' id='word_1_56' title='bbox 467 1275 598 1362; x_wconf 83' lang='lat' dir='ltr'><strong>singulis</strong></span> <span class='ocrx_word' id='word_1_57' title='bbox 614 1275 750 1339; x_wconf 89' lang='lat' dir='ltr'><strong>brachiis</strong></span> <span class='ocrx_word' id='word_1_58' title='bbox 765 1273 902 1338; x_wconf 85' lang='lat' dir='ltr'><strong>armillas</strong></span> <span class='ocrx_word' id='word_1_59' title='bbox 917 1273 1004 1350; x_wconf 91' lang='lat' dir='ltr'><strong>duas,</strong></span> <span class='ocrx_word' id='word_1_60' title='bbox 1015 1273 1156 1360; x_wconf 84' lang='lat' dir='ltr'><strong>singulas</strong></span> <span class='ocrx_word' id='word_1_61' title='bbox 1167 1273 1354 1360; x_wconf 91' lang='lat' dir='ltr'><strong>quindecim</strong></span> 
     </span>
     <span class='ocr_line' id='line_1_9' title="bbox 256 1383 1356 1470; baseline -0.003 -19"><span class='ocrx_word' id='word_1_62' title='bbox 256 1387 422 1452; x_wconf 86' lang='lat' dir='ltr'><strong>unciarum</strong></span> <span class='ocrx_word' id='word_1_63' title='bbox 449 1387 528 1463; x_wconf 90' lang='lat' dir='ltr'><strong>auri,</strong></span> <span class='ocrx_word' id='word_1_64' title='bbox 553 1385 707 1451; x_wconf 87' lang='lat' dir='ltr'><strong>habentes</strong></span> <span class='ocrx_word' id='word_1_65' title='bbox 735 1384 769 1448; x_wconf 88' lang='lat' dir='ltr'><strong>in</strong></span> <span class='ocrx_word' id='word_1_66' title='bbox 796 1384 900 1470; x_wconf 87' lang='lat' dir='ltr'><strong>capite</strong></span> <span class='ocrx_word' id='word_1_67' title='bbox 930 1383 1067 1448; x_wconf 89' lang='lat' dir='ltr'><strong>cassides</strong></span> <span class='ocrx_word' id='word_1_68' title='bbox 1093 1383 1276 1460; x_wconf 85' lang='lat' dir='ltr'><strong>deauratas3</strong></span> <span class='ocrx_word' id='word_1_69' title='bbox 1321 1385 1356 1448; x_wconf 91' lang='lat' dir='ltr'><strong>in</strong></span> 
     </span>
     <span class='ocr_line' id='line_1_10' title="bbox 258 1475 1357 1572; baseline -0.002 -12"><span class='ocrx_word' id='word_1_70' title='bbox 258 1497 383 1562; x_wconf 90' lang='lat' dir='ltr'><strong>sinistra</strong></span> <span class='ocrx_word' id='word_1_71' title='bbox 403 1497 538 1562; x_wconf 91' lang='lat' dir='ltr'><strong>securim</strong></span> <span class='ocrx_word' id='word_1_72' title='bbox 556 1496 723 1572; x_wconf 88' lang='lat' dir='ltr'><strong>Danicam,</strong></span> <span class='ocrx_word' id='word_1_73' title='bbox 740 1495 774 1559; x_wconf 92' lang='lat' dir='ltr'><strong>in</strong></span> <span class='ocrx_word' id='word_1_74' title='bbox 790 1494 903 1559; x_wconf 89' lang='lat' dir='ltr'><strong>dextra</strong></span> <span class='ocrx_word' id='word_1_75' title='bbox 918 1493 1029 1558; x_wconf 89' lang='lat' dir='ltr'><strong>hastile</strong></span> <span class='ocrx_word' id='word_1_76' title='bbox 1045 1475 1194 1572; x_wconf 84' lang='lat' dir='ltr'><strong>ferreum,</strong></span> <span class='ocrx_word' id='word_1_77' title='bbox 1206 1507 1239 1559; x_wconf 90' lang='lat' dir='ltr'><strong>et</strong></span> <span class='ocrx_word' id='word_1_78' title='bbox 1253 1495 1357 1559; x_wconf 89' lang='lat' dir='ltr'><strong>omni·</strong></span> 
     </span>
     <span class='ocr_line' id='line_1_11' title="bbox 256 1607 619 1673; baseline 0.006 -2"><span class='ocrx_word' id='word_1_79' title='bbox 256 1608 316 1672; x_wconf 90' lang='lat' dir='ltr'><strong>bus</strong></span> <span class='ocrx_word' id='word_1_80' title='bbox 330 1608 425 1672; x_wconf 85' lang='lat' dir='ltr'><strong>armis</strong></span> <span class='ocrx_word' id='word_1_81' title='bbox 440 1607 619 1673; x_wconf 88' lang='lat' dir='ltr'><strong>instructos.</strong></span> 
     </span>
    </p>

    <p class='ocr_par' dir='ltr' id='par_1_3' title="bbox 257 1714 1361 2684">
     <span class='ocr_line' id='line_1_12' title="bbox 302 1714 1357 1800; baseline -0.001 -20"><span class='ocrx_word' id='word_1_82' title='bbox 302 1715 530 1782; x_wconf 88' lang='lat' dir='ltr'><strong>Hardecnutus</strong></span> <span class='ocrx_word' id='word_1_83' title='bbox 544 1717 640 1781; x_wconf 89' lang='lat' dir='ltr'><strong>etiam</strong></span> <span class='ocrx_word' id='word_1_84' title='bbox 657 1717 742 1781; x_wconf 90' lang='lat' dir='ltr'><strong>misit</strong></span> <span class='ocrx_word' id='word_1_85' title='bbox 760 1715 935 1780; x_wconf 90' lang='lat' dir='ltr'><strong>Gunildam</strong></span> <span class='ocrx_word' id='word_1_86' title='bbox 951 1737 1090 1780; x_wconf 90' lang='lat' dir='ltr'><strong>sororem</strong></span> <span class='ocrx_word' id='word_1_87' title='bbox 1106 1737 1195 1780; x_wconf 88' lang='lat' dir='ltr'><strong>suam</strong></span> <span class='ocrx_word' id='word_1_88' title='bbox 1212 1714 1357 1800; x_wconf 86' lang='lat' dir='ltr'><strong>pulcher·</strong></span> 
     </span>
     <span class='ocr_line' id='line_1_13' title="bbox 258 1825 1358 1911; baseline 0 -21"><span class='ocrx_word' id='word_1_89' title='bbox 258 1827 373 1890; x_wconf 90' lang='lat' dir='ltr'><strong>rimam</strong></span> <span class='ocrx_word' id='word_1_90' title='bbox 413 1825 556 1890; x_wconf 89' lang='lat' dir='ltr'><strong>Henrico</strong></span> <span class='ocrx_word' id='word_1_91' title='bbox 596 1827 786 1910; x_wconf 90' lang='lat' dir='ltr'><strong>Imperatori</strong></span> <span class='ocrx_word' id='word_1_92' title='bbox 824 1825 1078 1911; x_wconf 88' lang='lat' dir='ltr'><strong>desponsandam</strong></span> <span class='ocrx_word' id='word_1_93' title='bbox 1112 1848 1187 1890; x_wconf 88' lang='lat' dir='ltr'><strong>curn</strong></span> <span class='ocrx_word' id='word_1_94' title='bbox 1215 1825 1358 1890; x_wconf 88' lang='lat' dir='ltr'><strong>maximo</strong></span> 
     </span>
     <span class='ocr_line' id='line_1_14' title="bbox 257 1933 1358 2023; baseline -0.001 -22"><span class='ocrx_word' id='word_1_95' title='bbox 257 1938 379 2002; x_wconf 90' lang='lat' dir='ltr'><strong>honore</strong></span> <span class='ocrx_word' id='word_1_96' title='bbox 403 1949 437 2000; x_wconf 87' lang='lat' dir='ltr'><strong>et</strong></span> <span class='ocrx_word' id='word_1_97' title='bbox 460 1948 625 2022; x_wconf 89' lang='lat' dir='ltr'><strong>apparatu.</strong></span> <span class='ocrx_word' id='word_1_98' title='bbox 672 1933 789 1999; x_wconf 88' lang='lat' dir='ltr'><strong>Sedet</strong></span> <span class='ocrx_word' id='word_1_99' title='bbox 815 1935 883 2021; x_wconf 88' lang='lat' dir='ltr'><strong>ipsa</strong></span> <span class='ocrx_word' id='word_1_100' title='bbox 905 1934 946 1999; x_wconf 91' lang='lat' dir='ltr'><strong>ad</strong></span> <span class='ocrx_word' id='word_1_101' title='bbox 974 1957 1127 2020; x_wconf 90' lang='lat' dir='ltr'><strong>sponsum</strong></span> <span class='ocrx_word' id='word_1_102' title='bbox 1157 1935 1358 2023; x_wconf 86' lang='lat' dir='ltr'><strong>proveniens,</strong></span> 
     </span>
     <span class='ocr_line' id='line_1_15' title="bbox 258 2043 1360 2132; baseline -0.001 -21"><span class='ocrx_word' id='word_1_103' title='bbox 258 2045 359 2111; x_wconf 91' lang='lat' dir='ltr'><strong>multo</strong></span> <span class='ocrx_word' id='word_1_104' title='bbox 370 2058 512 2132; x_wconf 90' lang='lat' dir='ltr'><strong>tempore</strong></span> <span class='ocrx_word' id='word_1_105' title='bbox 528 2043 632 2110; x_wconf 85' lang='lat' dir='ltr'><strong>foedus</strong></span> <span class='ocrx_word' id='word_1_106' title='bbox 646 2046 812 2132; x_wconf 87' lang='lat' dir='ltr'><strong>conjugale</strong></span> <span class='ocrx_word' id='word_1_107' title='bbox 829 2045 917 2112; x_wconf 88' lang='lat' dir='ltr'><strong>fovit.</strong></span> <span class='ocrx_word' id='word_1_108' title='bbox 950 2044 1034 2120; x_wconf 85' lang='lat' dir='ltr'><strong>Quae</strong></span> <span class='ocrx_word' id='word_1_109' title='bbox 1042 2060 1200 2132; x_wconf 90' lang='lat' dir='ltr'><strong>postremo</strong></span> <span class='ocrx_word' id='word_1_110' title='bbox 1211 2045 1360 2110; x_wconf 89' lang='lat' dir='ltr'><strong>adulterii</strong></span> 
     </span>
     <span class='ocr_line' id='line_1_16' title="bbox 259 2155 1359 2244; baseline -0.005 -20"><span class='ocrx_word' id='word_1_111' title='bbox 259 2170 414 2234; x_wconf 88' lang='lat' dir='ltr'><strong>accusata,</strong></span> <span class='ocrx_word' id='word_1_112' title='bbox 431 2178 567 2244; x_wconf 92' lang='lat' dir='ltr'><strong>puerum</strong></span> <span class='ocrx_word' id='word_1_113' title='bbox 583 2158 703 2239; x_wconf 65' lang='lat' dir='ltr'><strong>suum</strong></span> <span class='ocrx_word' id='word_1_114' title='bbox 719 2178 813 2240; x_wconf 90' lang='lat' dir='ltr'><strong>quem</strong></span> <span class='ocrx_word' id='word_1_115' title='bbox 831 2156 952 2221; x_wconf 89' lang='lat' dir='ltr'><strong>aluerat</strong></span> <span class='ocrx_word' id='word_1_116' title='bbox 972 2170 1063 2221; x_wconf 84' lang='lat' dir='ltr'><strong>etex</strong></span> <span class='ocrx_word' id='word_1_117' title='bbox 1077 2157 1196 2242; x_wconf 86' lang='lat' dir='ltr'><strong>Anglia</strong></span> <span class='ocrx_word' id='word_1_118' title='bbox 1210 2155 1359 2232; x_wconf 82' lang='lat' dir='ltr'><strong>duxerat,</strong></span> 
     </span>
     <span class='ocr_line' id='line_1_17' title="bbox 260 2264 1358 2353; baseline 0 -21"><span class='ocrx_word' id='word_1_119' title='bbox 260 2280 372 2333; x_wconf 91' lang='lat' dir='ltr'><strong>contra</strong></span> <span class='ocrx_word' id='word_1_120' title='bbox 395 2267 539 2331; x_wconf 88' lang='lat' dir='ltr'><strong>criminis</strong></span> <span class='ocrx_word' id='word_1_121' title='bbox 560 2265 745 2345; x_wconf 87' lang='lat' dir='ltr'><strong>delatorem,</strong></span> <span class='ocrx_word' id='word_1_122' title='bbox 766 2266 932 2331; x_wconf 89' lang='lat' dir='ltr'><strong>hominem</strong></span> <span class='ocrx_word' id='word_1_123' title='bbox 953 2265 1046 2330; x_wconf 89' lang='lat' dir='ltr'><strong>molis</strong></span> <span class='ocrx_word' id='word_1_124' title='bbox 1068 2265 1236 2353; x_wconf 76' lang='lat' dir='ltr'><strong>gigantea,</strong></span> <span class='ocrx_word' id='word_1_125' title='bbox 1258 2264 1300 2328; x_wconf 89' lang='lat' dir='ltr'><strong>ad</strong></span> <span class='ocrx_word' id='word_1_126' title='bbox 1324 2288 1358 2332; x_wconf 85' lang='lat' dir='ltr'><strong>se</strong></span> 
     </span>
     <span class='ocr_line' id='line_1_18' title="bbox 260 2375 1361 2463; baseline -0.003 -18"><span class='ocrx_word' id='word_1_127' title='bbox 260 2376 500 2445; x_wconf 85' lang='lat' dir='ltr'><strong>defendendum</strong></span> <span class='ocrx_word' id='word_1_128' title='bbox 516 2376 635 2462; x_wconf 84' lang='lat' dir='ltr'><strong>dirigit.</strong></span> <span class='ocrx_word' id='word_1_129' title='bbox 680 2375 794 2463; x_wconf 85' lang='lat' dir='ltr'><strong>Itaque</strong></span> <span class='ocrx_word' id='word_1_130' title='bbox 806 2389 953 2442; x_wconf 88' lang='lat' dir='ltr'><strong>conserto</strong></span> <span class='ocrx_word' id='word_1_131' title='bbox 968 2376 1085 2454; x_wconf 90' lang='lat' dir='ltr'><strong>duello,</strong></span> <span class='ocrx_word' id='word_1_132' title='bbox 1101 2398 1158 2462; x_wconf 90' lang='lat' dir='ltr'><strong>per</strong></span> <span class='ocrx_word' id='word_1_133' title='bbox 1173 2375 1361 2442; x_wconf 87' lang='lat' dir='ltr'><strong>miraculum</strong></span> 
     </span>
     <span class='ocr_line' id='line_1_19' title="bbox 259 2486 1361 2575; baseline -0.004 -21"><span class='ocrx_word' id='word_1_134' title='bbox 259 2489 323 2554; x_wconf 88' lang='lat' dir='ltr'><strong>Dei</strong></span> <span class='ocrx_word' id='word_1_135' title='bbox 352 2487 492 2554; x_wconf 83' lang='lat' dir='ltr'><strong>Gunilda</strong></span> <span class='ocrx_word' id='word_1_136' title='bbox 514 2508 573 2574; x_wconf 88' lang='lat' dir='ltr'><strong>per</strong></span> <span class='ocrx_word' id='word_1_137' title='bbox 601 2500 750 2575; x_wconf 85' lang='lat' dir='ltr'><strong>tyronem</strong></span> <span class='ocrx_word' id='word_1_138' title='bbox 778 2509 872 2553; x_wconf 89' lang='lat' dir='ltr'><strong>suurn</strong></span> <span class='ocrx_word' id='word_1_139' title='bbox 891 2486 1009 2574; x_wconf 88' lang='lat' dir='ltr'><strong>adepta</strong></span> <span class='ocrx_word' id='word_1_140' title='bbox 1031 2487 1072 2551; x_wconf 90' lang='lat' dir='ltr'><strong>de</strong></span> <span class='ocrx_word' id='word_1_141' title='bbox 1096 2487 1273 2552; x_wconf 87' lang='lat' dir='ltr'><strong>adversario</strong></span> <span class='ocrx_word' id='word_1_142' title='bbox 1303 2508 1361 2551; x_wconf 88' lang='lat' dir='ltr'><strong>suo</strong></span> 
     </span>
     <span class='ocr_line' id='line_1_20' title="bbox 260 2595 1167 2684; baseline -0.004 -21"><span class='ocrx_word' id='word_1_143' title='bbox 260 2598 469 2684; x_wconf 89' lang='lat' dir='ltr'><strong>triumphum,</strong></span> <span class='ocrx_word' id='word_1_144' title='bbox 485 2596 553 2661; x_wconf 88' lang='lat' dir='ltr'><strong>viro</strong></span> <span class='ocrx_word' id='word_1_145' title='bbox 567 2617 626 2661; x_wconf 89' lang='lat' dir='ltr'><strong>suo</strong></span> <span class='ocrx_word' id='word_1_146' title='bbox 640 2595 731 2660; x_wconf 86' lang='lat' dir='ltr'><strong>dedit</strong></span> <span class='ocrx_word' id='word_1_147' title='bbox 744 2595 912 2682; x_wconf 89' lang='lat' dir='ltr'><strong>repudium</strong></span> <span class='ocrx_word' id='word_1_148' title='bbox 927 2597 1167 2683; x_wconf 85' lang='lat' dir='ltr'><strong>sempiternum.</strong></span> 
     </span>
    </p>
   </div>
   <div class='ocr_carea' id='block_1_3' title="bbox 550 2896 1076 2965">
    <p class='ocr_par' dir='ltr' id='par_1_4' title="bbox 550 2896 1076 2965">
     <span class='ocr_line' id='line_1_21' title="bbox 550 2896 1076 2965; baseline 0.008 -4"><span class='ocrx_word' id='word_1_149' title='bbox 550 2896 605 2962; x_wconf 82' lang='lat' dir='ltr'><strong>Dr</strong></span> <span class='ocrx_word' id='word_1_150' title='bbox 628 2917 757 2964; x_wconf 74' lang='lat' dir='ltr'><strong>cancro</strong></span> <span class='ocrx_word' id='word_1_151' title='bbox 780 2897 955 2963; x_wconf 79' lang='lat' dir='ltr'><strong>Enwnnno</strong></span> <span class='ocrx_word' id='word_1_152' title='bbox 977 2917 1076 2965; x_wconf 83' lang='lat' dir='ltr'><strong>naas.</strong></span> 
     </span>
    </p>
   </div>
   <div class='ocr_carea' id='block_1_4' title="bbox 263 3063 1366 3709">
    <p class='ocr_par' dir='ltr' id='par_1_5' title="bbox 263 3063 1366 3709">
     <span class='ocr_line' id='line_1_22' title="bbox 304 3063 1363 3153; baseline -0.003 -18"><span class='ocrx_word' id='word_1_153' title='bbox 304 3069 404 3136; x_wconf 79' lang='lat' dir='ltr'><strong>Auno</strong></span> <span class='ocrx_word' id='word_1_154' title='bbox 425 3066 560 3134; x_wconf 91' lang='lat' dir='ltr'><strong>Domini</strong></span> <span class='ocrx_word' id='word_1_155' title='bbox 578 3068 628 3134; x_wconf 90' lang='lat' dir='ltr'><strong>M.</strong></span> <span class='ocrx_word' id='word_1_156' title='bbox 645 3065 1055 3153; x_wconf 84' lang='lat' dir='ltr'><strong>quadragesimosecundo,</strong></span> <span class='ocrx_word' id='word_1_157' title='bbox 1073 3063 1260 3145; x_wconf 87' lang='lat' dir='ltr'><strong>Edwardus,</strong></span> <span class='ocrx_word' id='word_1_158' title='bbox 1276 3079 1363 3152; x_wconf 84' lang='lat' dir='ltr'><strong>post·</strong></span> 
     </span>
     <span class='ocr_line' id='line_1_23' title="bbox 263 3177 1363 3266; baseline -0.004 -22"><span class='ocrx_word' id='word_1_159' title='bbox 263 3180 361 3245; x_wconf 91' lang='lat' dir='ltr'><strong>modo</strong></span> <span class='ocrx_word' id='word_1_160' title='bbox 382 3179 511 3266; x_wconf 85' lang='lat' dir='ltr'><strong>genitus</strong></span> <span class='ocrx_word' id='word_1_161' title='bbox 532 3178 709 3254; x_wconf 87' lang='lat' dir='ltr'><strong>Ethelredi,</strong></span> <span class='ocrx_word' id='word_1_162' title='bbox 725 3200 860 3262; x_wconf 85' lang='lat' dir='ltr'><strong>regnum</strong></span> <span class='ocrx_word' id='word_1_163' title='bbox 876 3179 1015 3264; x_wconf 88' lang='lat' dir='ltr'><strong>suscepit</strong></span> <span class='ocrx_word' id='word_1_164' title='bbox 1030 3177 1166 3264; x_wconf 83' lang='lat' dir='ltr'><strong>Angtiae,</strong></span> <span class='ocrx_word' id='word_1_165' title='bbox 1181 3178 1363 3265; x_wconf 89' lang='lat' dir='ltr'><strong>mansitque</strong></span> 
     </span>
     <span class='ocr_line' id='line_1_24' title="bbox 264 3288 1364 3378; baseline -0.001 -23"><span class='ocrx_word' id='word_1_166' title='bbox 264 3291 300 3355; x_wconf 90' lang='lat' dir='ltr'><strong>in</strong></span> <span class='ocrx_word' id='word_1_167' title='bbox 326 3313 366 3355; x_wconf 91' lang='lat' dir='ltr'><strong>eo</strong></span> <span class='ocrx_word' id='word_1_168' title='bbox 384 3290 499 3378; x_wconf 87' lang='lat' dir='ltr'><strong>viginti</strong></span> <span class='ocrx_word' id='word_1_169' title='bbox 517 3301 653 3376; x_wconf 89' lang='lat' dir='ltr'><strong>quatuor</strong></span> <span class='ocrx_word' id='word_1_170' title='bbox 672 3289 775 3365; x_wconf 90' lang='lat' dir='ltr'><strong>annis,</strong></span> <span class='ocrx_word' id='word_1_171' title='bbox 792 3289 842 3352; x_wconf 91' lang='lat' dir='ltr'><strong>vir</strong></span> <span class='ocrx_word' id='word_1_172' title='bbox 862 3289 949 3366; x_wconf 89' lang='lat' dir='ltr'><strong>levis,</strong></span> <span class='ocrx_word' id='word_1_173' title='bbox 965 3302 1074 3353; x_wconf 88' lang='lat' dir='ltr'><strong>tamen</strong></span> <span class='ocrx_word' id='word_1_174' title='bbox 1093 3289 1142 3352; x_wconf 84' lang='lat' dir='ltr'><strong>vir</strong></span> <span class='ocrx_word' id='word_1_175' title='bbox 1163 3288 1300 3374; x_wconf 88' lang='lat' dir='ltr'><strong>simplex</strong></span> <span class='ocrx_word' id='word_1_176' title='bbox 1329 3304 1364 3354; x_wconf 87' lang='lat' dir='ltr'><strong>et</strong></span> 
     </span>
     <span class='ocr_line' id='line_1_25' title="bbox 263 3399 1363 3481; baseline 0 -15"><span class='ocrx_word' id='word_1_177' title='bbox 263 3401 337 3467; x_wconf 91' lang='lat' dir='ltr'><strong>Deo</strong></span> <span class='ocrx_word' id='word_1_178' title='bbox 346 3402 480 3469; x_wconf 87' lang='lat' dir='ltr'><strong>devotus</strong></span> <span class='ocrx_word' id='word_1_179' title='bbox 489 3417 522 3467; x_wconf 89' lang='lat' dir='ltr'><strong>et</strong></span> <span class='ocrx_word' id='word_1_180' title='bbox 534 3402 620 3467; x_wconf 91' lang='lat' dir='ltr'><strong>idem</strong></span> <span class='ocrx_word' id='word_1_181' title='bbox 632 3401 672 3467; x_wconf 89' lang='lat' dir='ltr'><strong>ab</strong></span> <span class='ocrx_word' id='word_1_182' title='bbox 683 3423 722 3465; x_wconf 87' lang='lat' dir='ltr'><strong>eo</strong></span> <span class='ocrx_word' id='word_1_183' title='bbox 733 3399 885 3465; x_wconf 85' lang='lat' dir='ltr'><strong>dilectus:</strong></span> <span class='ocrx_word' id='word_1_184' title='bbox 910 3401 955 3464; x_wconf 90' lang='lat' dir='ltr'><strong>ita</strong></span> <span class='ocrx_word' id='word_1_185' title='bbox 965 3400 1043 3464; x_wconf 86' lang='lat' dir='ltr'><strong>fovit</strong></span> <span class='ocrx_word' id='word_1_186' title='bbox 1055 3422 1129 3464; x_wconf 88' lang='lat' dir='ltr'><strong>eum</strong></span> <span class='ocrx_word' id='word_1_187' title='bbox 1140 3401 1238 3481; x_wconf 87' lang='lat' dir='ltr'><strong>Deus,</strong></span> <span class='ocrx_word' id='word_1_188' title='bbox 1251 3413 1363 3467; x_wconf 92' lang='lat' dir='ltr'><strong>utnon</strong></span> 
     </span>
     <span class='ocr_line' id='line_1_26' title="bbox 263 3507 1364 3600; baseline -0.002 -21"><span class='ocrx_word' id='word_1_189' title='bbox 263 3526 369 3600; x_wconf 87' lang='lat' dir='ltr'><strong>posset</strong></span> <span class='ocrx_word' id='word_1_190' title='bbox 384 3514 496 3578; x_wconf 92' lang='lat' dir='ltr'><strong>timere</strong></span> <span class='ocrx_word' id='word_1_191' title='bbox 513 3513 568 3598; x_wconf 86' lang='lat' dir='ltr'><strong>qui</strong></span> <span class='ocrx_word' id='word_1_192' title='bbox 582 3511 719 3577; x_wconf 89' lang='lat' dir='ltr'><strong>nesciret</strong></span> <span class='ocrx_word' id='word_1_193' title='bbox 733 3510 836 3576; x_wconf 89' lang='lat' dir='ltr'><strong>irasci.</strong></span> <span class='ocrx_word' id='word_1_194' title='bbox 881 3511 981 3596; x_wconf 87' lang='lat' dir='ltr'><strong>Cujus</strong></span> <span class='ocrx_word' id='word_1_195' title='bbox 996 3523 1138 3597; x_wconf 86' lang='lat' dir='ltr'><strong>tempore</strong></span> <span class='ocrx_word' id='word_1_196' title='bbox 1150 3512 1258 3576; x_wconf 89' lang='lat' dir='ltr'><strong>omnia</strong></span> <span class='ocrx_word' id='word_1_197' title='bbox 1273 3507 1364 3577; x_wconf 85' lang='lat' dir='ltr'><strong>domi</strong></span> 
     </span>
     <span class='ocr_line' id='line_1_27' title="bbox 266 3620 1366 3709; baseline -0.002 -19"><span class='ocrx_word' id='word_1_198' title='bbox 266 3625 405 3709; x_wconf 85' lang='lat' dir='ltr'><strong>forisque</strong></span> <span class='ocrx_word' id='word_1_199' title='bbox 422 3625 538 3709; x_wconf 89' lang='lat' dir='ltr'><strong>quieta,</strong></span> <span class='ocrx_word' id='word_1_200' title='bbox 554 3623 664 3688; x_wconf 88' lang='lat' dir='ltr'><strong>omnia</strong></span> <span class='ocrx_word' id='word_1_201' title='bbox 678 3621 857 3706; x_wconf 88' lang='lat' dir='ltr'><strong>tranquilla.</strong></span> <span class='ocrx_word' id='word_1_202' title='bbox 904 3620 982 3686; x_wconf 88' lang='lat' dir='ltr'><strong>Erat</strong></span> <span class='ocrx_word' id='word_1_203' title='bbox 996 3621 1094 3708; x_wconf 86' lang='lat' dir='ltr'><strong>igitur</strong></span> <span class='ocrx_word' id='word_1_204' title='bbox 1113 3621 1199 3708; x_wconf 90' lang='lat' dir='ltr'><strong>apud</strong></span> <span class='ocrx_word' id='word_1_205' title='bbox 1213 3621 1366 3688; x_wconf 88' lang='lat' dir='ltr'><strong>domesti-</strong></span> 
     </span>
    </p>
   </div>
   <div class='ocr_carea' id='block_1_5' title="bbox 262 3871 1368 4322">
    <p class='ocr_par' dir='ltr' id='par_1_6' title="bbox 290 3871 554 3920">
     <span class='ocr_line' id='line_1_28' title="bbox 290 3871 554 3920; baseline -0.008 -8"><span class='ocrx_word' id='word_1_206' title='bbox 290 3875 302 3920; x_wconf 66' lang='grc' dir='ltr'><strong>Σ</strong></span> <span class='ocrx_word' id='word_1_207' title='bbox 316 3873 361 3912; x_wconf 81' lang='lat' dir='ltr'><strong>Her</strong></span> <span class='ocrx_word' id='word_1_208' title='bbox 367 3881 421 3920; x_wconf 76' lang='lat' dir='ltr'><strong>page</strong></span> <span class='ocrx_word' id='word_1_209' title='bbox 432 3881 456 3910; x_wconf 90' lang='lat' dir='ltr'><strong>or</strong></span> <span class='ocrx_word' id='word_1_210' title='bbox 463 3871 554 3919; x_wconf 75' lang='lat' dir='ltr'><strong>acquire.</strong></span> 
     </span>
    </p>

    <p class='ocr_par' dir='ltr' id='par_1_7' title="bbox 265 3937 1367 4123">
     <span class='ocr_line' id='line_1_29' title="bbox 293 3937 1366 3988; baseline 0.001 -10"><span class='ocrx_word' id='word_1_211' title='bbox 293 3941 304 3983; x_wconf 78' lang='lat' dir='ltr'><strong>t</strong></span> <span class='ocrx_word' id='word_1_212' title='bbox 319 3939 450 3978; x_wconf 76' lang='lat' dir='ltr'><strong>Astsrwardr</strong></span> <span class='ocrx_word' id='word_1_213' title='bbox 462 3937 538 3985; x_wconf 80' lang='lat' dir='ltr'><strong>blahop</strong></span> <span class='ocrx_word' id='word_1_214' title='bbox 547 3937 723 3978; x_wconf 83' lang='lat' dir='ltr'><strong>oiWorcertcr.“</strong></span> <span class='ocrx_word' id='word_1_215' title='bbox 750 3937 872 3978; x_wconf 83' lang='lat' dir='ltr'><strong>Plurimum</strong></span> <span class='ocrx_word' id='word_1_216' title='bbox 885 3937 950 3977; x_wconf 84' lang='lat' dir='ltr'><strong>etiarn</strong></span> <span class='ocrx_word' id='word_1_217' title='bbox 963 3937 1020 3986; x_wconf 79' lang='lat' dir='ltr'><strong>apud</strong></span> <span class='ocrx_word' id='word_1_218' title='bbox 1030 3937 1160 3978; x_wconf 84' lang='lat' dir='ltr'><strong>Edwardum</strong></span> <span class='ocrx_word' id='word_1_219' title='bbox 1173 3948 1246 3987; x_wconf 71' lang='lat' dir='ltr'><strong>regem</strong></span> <span class='ocrx_word' id='word_1_220' title='bbox 1259 3937 1366 3988; x_wconf 71' lang='lat' dir='ltr'><strong>munga·</strong></span> 
     </span>
     <span class='ocr_line' id='line_1_30' title="bbox 266 4004 1367 4055; baseline -0.002 -9"><span class='ocrx_word' id='word_1_221' title='bbox 266 4004 420 4055; x_wconf 71' lang='lat' dir='ltr'><strong>wigorniensi·</strong></span> <span class='ocrx_word' id='word_1_222' title='bbox 434 4004 545 4053; x_wconf 78' lang='lat' dir='ltr'><strong>episcopua</strong></span> <span class='ocrx_word' id='word_1_223' title='bbox 553 4008 648 4052; x_wconf 55' lang='lat' dir='ltr'><strong>poteram</strong></span> <span class='ocrx_word' id='word_1_224' title='bbox 662 4015 728 4054; x_wconf 80' lang='lat' dir='ltr'><strong>quem</strong></span> <span class='ocrx_word' id='word_1_225' title='bbox 736 4008 786 4044; x_wconf 85' lang='lat' dir='ltr'><strong>aute</strong></span> <span class='ocrx_word' id='word_1_226' title='bbox 795 4005 907 4044; x_wconf 79' lang='lat' dir='ltr'><strong>biennium</strong></span> <span class='ocrx_word' id='word_1_227' title='bbox 916 4004 1039 4052; x_wconf 72' lang='lat' dir='ltr'><strong>gratissimi</strong></span> <span class='ocrx_word' id='word_1_228' title='bbox 1046 4005 1144 4046; x_wconf 77' lang='lat' dir='ltr'><strong>criminis</strong></span> <span class='ocrx_word' id='word_1_229' title='bbox 1152 4007 1278 4046; x_wconf 78' lang='lat' dir='ltr'><strong>accuratum</strong></span> <span class='ocrx_word' id='word_1_230' title='bbox 1286 4006 1367 4055; x_wconf 76' lang='lat' dir='ltr'><strong>episco-</strong></span> 
     </span>
     <span class='ocr_line' id='line_1_31' title="bbox 265 4069 1053 4123; baseline -0.004 -10"><span class='ocrx_word' id='word_1_231' title='bbox 265 4079 363 4123; x_wconf 85' lang='lat' dir='ltr'><strong>patuper</strong></span> <span class='ocrx_word' id='word_1_232' title='bbox 372 4069 545 4110; x_wconf 79' lang='lat' dir='ltr'><strong>Hardlcauutum</strong></span> <span class='ocrx_word' id='word_1_233' title='bbox 554 4069 649 4110; x_wconf 78' lang='lat' dir='ltr'><strong>Aliricua</strong></span> <span class='ocrx_word' id='word_1_234' title='bbox 658 4071 756 4110; x_wconf 78' lang='lat' dir='ltr'><strong>amoveri</strong></span> <span class='ocrx_word' id='word_1_235' title='bbox 768 4070 868 4110; x_wconf 77' lang='lat' dir='ltr'><strong>iecerat.”</strong></span> <span class='ocrx_word' id='word_1_236' title='bbox 894 4070 965 4110; x_wconf 80' lang='lat' dir='ltr'><strong>Fron.</strong></span> <span class='ocrx_word' id='word_1_237' title='bbox 993 4070 1053 4110; x_wconf 82' lang='lat' dir='ltr'><strong>Wrc.</strong></span> 
     </span>
    </p>

    <p class='ocr_par' dir='ltr' id='par_1_8' title="bbox 262 4135 1368 4322">
     <span class='ocr_line' id='line_1_32' title="bbox 291 4135 1366 4186; baseline 0 -8"><span class='ocrx_word' id='word_1_238' title='bbox 291 4142 300 4186; x_wconf 80' lang='lat' dir='ltr'><strong>lt</strong></span> <span class='ocrx_word' id='word_1_239' title='bbox 316 4142 329 4162; x_wconf 88' lang='grc'><em>“</em></span> <span class='ocrx_word' id='word_1_240' title='bbox 339 4137 502 4184; x_wconf 80' lang='lat' dir='ltr'><strong>Godwinuspro</strong></span> <span class='ocrx_word' id='word_1_241' title='bbox 514 4140 582 4176; x_wconf 79' lang='lat' dir='ltr'><strong>morte</strong></span> <span class='ocrx_word' id='word_1_242' title='bbox 598 4136 669 4177; x_wconf 75' lang='lat' dir='ltr'><strong>fratria</strong></span> <span class='ocrx_word' id='word_1_243' title='bbox 678 4137 712 4176; x_wconf 80' lang='lat' dir='ltr'><strong>sul</strong></span> <span class='ocrx_word' id='word_1_244' title='bbox 731 4137 814 4177; x_wconf 78' lang='lat' dir='ltr'><strong>Aliredl</strong></span> <span class='ocrx_word' id='word_1_245' title='bbox 832 4140 854 4176; x_wconf 89' lang='lat' dir='ltr'><strong>et</strong></span> <span class='ocrx_word' id='word_1_246' title='bbox 867 4136 1025 4185; x_wconf 76' lang='lat' dir='ltr'><strong>amicitiaregls</strong></span> <span class='ocrx_word' id='word_1_247' title='bbox 1042 4135 1165 4185; x_wconf 81' lang='lat' dir='ltr'><strong>obtinenda,</strong></span> <span class='ocrx_word' id='word_1_248' title='bbox 1183 4136 1242 4176; x_wconf 79' lang='lat' dir='ltr'><strong>dedit</strong></span> <span class='ocrx_word' id='word_1_249' title='bbox 1250 4136 1271 4176; x_wconf 82' lang='lat' dir='ltr'><strong>ei</strong></span> <span class='ocrx_word' id='word_1_250' title='bbox 1287 4147 1366 4178; x_wconf 81' lang='lat' dir='ltr'><strong>narem</strong></span> 
     </span>
     <span class='ocr_line' id='line_1_33' title="bbox 263 4203 1368 4252; baseline -0.002 -7"><span class='ocrx_word' id='word_1_251' title='bbox 263 4214 357 4251; x_wconf 83' lang='lat' dir='ltr'><strong>auream.</strong></span> <span class='ocrx_word' id='word_1_252' title='bbox 372 4203 515 4252; x_wconf 82' lang='lat' dir='ltr'><strong>cumplostro</strong></span> <span class='ocrx_word' id='word_1_253' title='bbox 529 4212 595 4242; x_wconf 73' lang='lat' dir='ltr'><strong>aureo</strong></span> <span class='ocrx_word' id='word_1_254' title='bbox 610 4203 735 4243; x_wconf 81' lang='lat' dir='ltr'><strong>fabricatam</strong></span> <span class='ocrx_word' id='word_1_255' title='bbox 749 4207 771 4242; x_wconf 81' lang='lat' dir='ltr'><strong>st</strong></span> <span class='ocrx_word' id='word_1_256' title='bbox 788 4203 926 4244; x_wconf 76' lang='lat' dir='ltr'><strong>armamentis</strong></span> <span class='ocrx_word' id='word_1_257' title='bbox 940 4203 1010 4242; x_wconf 80' lang='lat' dir='ltr'><strong>aureis</strong></span> <span class='ocrx_word' id='word_1_258' title='bbox 1018 4203 1155 4251; x_wconf 76' lang='lat' dir='ltr'><strong>instructam,</strong></span> <span class='ocrx_word' id='word_1_259' title='bbox 1165 4204 1231 4244; x_wconf 81' lang='lat' dir='ltr'><strong>armis</strong></span> <span class='ocrx_word' id='word_1_260' title='bbox 1247 4204 1328 4243; x_wconf 85' lang='lat' dir='ltr'><strong>decoris</strong></span> <span class='ocrx_word' id='word_1_261' title='bbox 1345 4208 1368 4243; x_wconf 85' lang='lat' dir='ltr'><strong>et</strong></span> 
     </span>
     <span class='ocr_line' id='line_1_34' title="bbox 262 4269 1366 4322; baseline -0.002 -10"><span class='ocrx_word' id='word_1_262' title='bbox 262 4271 370 4322; x_wconf 76' lang='lat' dir='ltr'><strong>octogiuta</strong></span> <span class='ocrx_word' id='word_1_263' title='bbox 378 4269 476 4312; x_wconf 74' lang='lat' dir='ltr'><strong>millibus</strong></span> <span class='ocrx_word' id='word_1_264' title='bbox 492 4269 564 4310; x_wconf 76' lang='lat' dir='ltr'><strong>aurei·</strong></span> <span class='ocrx_word' id='word_1_265' title='bbox 578 4269 706 4310; x_wconf 83' lang='lat' dir='ltr'><strong>decoratam.</strong></span> <span class='ocrx_word' id='word_1_266' title='bbox 733 4271 816 4311; x_wconf 82' lang='lat' dir='ltr'><strong>Horum</strong></span> <span class='ocrx_word' id='word_1_267' title='bbox 826 4273 897 4310; x_wconf 79' lang='lat' dir='ltr'><strong>autem</strong></span> <span class='ocrx_word' id='word_1_268' title='bbox 907 4269 1002 4311; x_wconf 80' lang='lat' dir='ltr'><strong>militum</strong></span> <span class='ocrx_word' id='word_1_269' title='bbox 1015 4269 1104 4320; x_wconf 83' lang='lat' dir='ltr'><strong>quilibet</strong></span> <span class='ocrx_word' id='word_1_270' title='bbox 1122 4269 1144 4311; x_wconf 85' lang='lat' dir='ltr'><strong>iu</strong></span> <span class='ocrx_word' id='word_1_271' title='bbox 1157 4269 1249 4311; x_wconf 78' lang='lat' dir='ltr'><strong>brachile</strong></span> <span class='ocrx_word' id='word_1_272' title='bbox 1259 4270 1303 4310; x_wconf 80' lang='lat' dir='ltr'><strong>uuir</strong></span> <span class='ocrx_word' id='word_1_273' title='bbox 1311 4270 1366 4310; x_wconf 79' lang='lat' dir='ltr'><strong>duas</strong></span> 
     </span>
    </p>
   </div>
   <div class='ocr_carea' id='block_1_6' title="bbox 0 0 1629 5206">
    <p class='ocr_par' dir='ltr' id='par_1_9' title="bbox 0 0 1629 5206">
     <span class='ocr_line' id='line_1_35' title="bbox 0 0 1629 5206; baseline 0 0"><span class='ocrx_word' id='word_1_274' title='bbox 0 0 1629 5206; x_wconf 95' lang='lat' dir='ltr'><strong> </strong></span> 
     </span>
    </p>
   </div>
  </div>
 </body>
</html>
