3212 5206
671 421 796 464 nantuel
812 421 851 463 DE
865 420 1013 465 SILGRAVE
1245 421 1281 469 [A.
1289 421 1314 463 D.
1327 424 1383 463 1017.

332 577 460 642 quoque
476 554 600 641 praefati
612 555 788 634 Edmundi,
804 556 959 621 Edwinus
974 573 1007 621 et
1024 555 1194 637 Edwanus,
1214 556 1391 623 mittuntur

332 667 373 731 ad
396 688 505 753 regern
526 666 701 732 Suavorum
717 681 753 732 ut
763 669 1013 753 perimerentur-3
1031 668 1087 732 sed
1103 670 1171 754 ejus
1183 669 1388 734 miseratione

331 778 455 854 servati,
468 799 577 862 regem
589 777 783 842 Hunnorum
796 779 970 864 petierunt.
996 777 1062 842 Ubi
1073 801 1172 864 quum
1182 781 1322 864 benigne
1334 779 1390 844 ali·

332 909 397 974 quo
414 901 556 973 tempore
571 888 671 953 babiti
694 901 810 965 essent,
827 889 928 973 major
941 889 1028 952 diem
1044 888 1166 966 clausit,
1190 890 1295 954 minor
1314 912 1389 954 vero

331 1020 470 1062 sororem
484 999 602 1084 reginae
618 998 774 1084 Agatham
789 1001 822 1064 in
837 999 1077 1064 matrimonium
1097 999 1200 1064 duxit.
1246 1000 1385 1065 ¹Fratres

331 1131 406 1173 vere
421 1130 532 1173 eorum
546 1109 605 1173 filii
621 1108 786 1173 Edmundi
798 1133 837 1174 ex
852 1110 977 1187 Emma,
990 1109 1138 1174 Elfredus
1149 1123 1181 1175 et
1196 1109 1386 1186 Edwardus,

333 1230 401 1282 toto
417 1218 574 1283 Cnutonis
586 1232 728 1306 tempore
745 1221 779 1284 in
796 1219 994 1286 Normannia
1002 1219 1177 1286 latuerunt.

672 1331 726 1394 Dn
751 1329 915 1395 Crrurourr
937 1333 1042 1396 Duco.

377 1441 477 1505 Anno
492 1439 628 1505 Domini
642 1441 812 1506 millesimo
828 1441 942 1518 XVII,
958 1443 1065 1507 Cnuto
1076 1465 1208 1528 regnare
1234 1444 1339 1531 coepit,
1355 1457 1389 1509 ct

336 1550 448 1636 viginti
463 1550 555 1614 annis
583 1539 737 1637 regnavit,
768 1552 887 1638 injuste
918 1563 1035 1618 tamen.
1080 1553 1197 1617 Primis
1228 1553 1386 1638 siquidem

333 1660 447 1725 diebus
461 1682 597 1748 regnum
622 1661 729 1726 divisit
741 1663 775 1726 in
800 1675 936 1748 quatuor
952 1675 1066 1747 parteS,
1079 1663 1199 1728 scilicet
1223 1662 1386 1729 Westsax-

334 1777 442 1841 oniam
470 1777 540 1856 sibi,
563 1777 681 1844 Edrico
705 1778 872 1856 Marciam,
889 1777 1037 1843 Turlrillo
1057 1777 1236 1843 Orientales
1256 1778 1388 1864 Anglos,

333 1887 480 1952 Erchicio
498 1886 775 1954 Northanimbros.
812 1892 858 1955 At
867 1890 971 1975 primo
981 1889 1194 1954 interfectores
1209 1888 1385 1966 Edmundi,

334 1999 461 2082 quispe
476 1998 615 2082 ingentis
630 2000 752 2083 praemii
767 1999 806 2064 ad
822 2013 948 2085 tempus
963 1999 1165 2078 delituerant,
1180 2000 1215 2063 in
1241 1999 1386 2064 medium

336 2106 495 2194 produxit,
512 2119 545 2172 et
559 2108 687 2172 eosdem
699 2110 864 2174 'convictos
878 2110 1042 2197 suppliciis
1057 2111 1226 2176 interfecit.

378 2218 505 2283 Eodem
530 2241 657 2305 quoque
680 2243 766 2286 anno
789 2221 1028 2287 considentibus
1053 2235 1087 2287 et
1114 2222 1388 2287 confabulantibus

337 2329 490 2395 Cnutone
500 2353 575 2417 rege
585 2355 659 2398 cum
672 2332 791 2399 Edrico
806 2335 920 2398 comite
930 2334 1100 2419 proditore,
1113 2334 1146 2398 in
1157 2333 1296 2420 quodam
1308 2334 1387 2397 sola-

332 2440 381 2505 rio
403 2463 498 2526 supra
520 2442 671 2508 Tamesiu
697 2444 840 2521 fluvium,
863 2442 940 2508 dum
957 2445 1097 2530 asperius
1119 2442 1384 2527 colloquerentur,

334 2550 471 2616 Edricus
486 2553 702 2640 improperans
715 2555 783 2640 regi
799 2553 888 2632 dixit,
905 2561 926 2593 “
941 2554 1152 2620 Edmundum
1166 2555 1270 2640 primo
1281 2576 1338 2637 pro
1354 2567 1385 2616 te

337 2663 473 2744 deserui,
488 2680 562 2751 post
581 2667 678 2730 etiam
693 2668 734 2732 ob
748 2666 936 2732 fidelitatem
953 2667 1021 2741 tui†
1042 2686 1118 2730 eum
1133 2665 1290 2729 extinxi.”
1308 2663 1385 2738 Quo
1409 2681 1412 2688 ·

336 2775 423 2840 dieto
441 2775 603 2842 Cnutonis
627 2778 723 2844 facies
745 2779 913 2843 immutata
938 2789 1005 2857 est;
1027 2789 1061 2842 et
1086 2778 1238 2841 continuo
1267 2774 1388 2858 perlata

333 2886 501 2962 sententia,
513 2887 608 2970 jussit
622 2909 696 2950 eum
711 2886 815 2970 ligatis
829 2888 962 2970 pedibus
979 2887 1188 2970 manibusque
1218 2887 1253 2949 in
1273 2885 1384 2950 Tami-

332 2993 414 3057 siam
429 2995 549 3080 projici.
576 2994 774 3060 Succedente
785 3009 927 3080 tempore
943 2995 1108 3059 Turlrillus
1122 3008 1155 3059 et
1165 2973 1330 3059 Erchicius
1344 2995 1385 3057 ab

334 3102 465 3190 Anglia,
481 3106 613 3190 captatis
628 3106 855 3184 occasionibus,
871 3104 1036 3185 eliminati,
1053 3104 1158 3169 natale
1169 3105 1271 3169 solum
1287 3105 1386 3190 petie·

331 3227 419 3278 runt.
465 3214 758 3304 QuorumfprimuS,
771 3217 824 3300 qui
840 3215 926 3280 beati
952 3214 1091 3302 Elphegi
1120 3216 1207 3280 necis
1237 3214 1383 3278 incentor

330 3323 443 3404 fuerat,
458 3326 567 3392 statim
592 3342 629 3391 ut
653 3326 895 3392 Danemarehiae
910 3327 998 3390 littus
1017 3326 1131 3412 attigit,
1147 3349 1166 3390 a
1189 3324 1324 3388 ducibus
1339 3336 1387 3388 est

331 3437 465 3504 occisus.

373 3546 453 3613 Post
467 3549 538 3626 hoc,
557 3548 666 3614 Cnuto
680 3549 776 3614 duxit
791 3549 951 3626 Emmam,
967 3549 1110 3614 relictam
1122 3547 1289 3612 Edmundi
1304 3549 1387 3635 regis

329 3657 460 3741 praefati,
475 3659 510 3722 in
525 3665 689 3740 uxorem*,
701 3663 883 3725 accersitam
899 3685 918 3726 a
937 3660 1142 3724 Normannia.
1188 3659 1385 3724 Monasteria

354 3814 367 3856 l
383 3813 475 3861 argare.

356 3889 369 3912 ‘
383 3889 415 3938 By
428 3889 473 3928 this
486 3889 560 3938 politic
573 3899 670 3928 measure
683 3889 708 3928 ol
718 3888 827 3938 marrying
839 3889 876 3928 the
888 3889 966 3928 wldow
975 3888 1001 3926 of
1011 3888 1048 3928 the
1057 3888 1170 3927 murdered
1185 3887 1287 3927 Edmund
1301 3888 1383 3927 canuto

329 3954 407 4003 gained
416 3955 476 3994 three
486 3967 536 4004 very
544 3956 648 3996 desirable
656 3956 723 4003 contr
752 3957 805 4002 first,
813 3957 841 4004 by
849 3955 958 4004 marrying
971 3955 1008 3993 tha
1023 3955 1192 3997 Quem-mother
1206 3955 1231 3992 ot'
1243 3955 1280 3993 the
1295 3953 1387 4002 rigbtt'ul

328 4021 386 4060 beirs
393 4024 416 4060 to
425 4022 555 4070 thethrona,
563 4022 591 4061 he
599 4032 647 4061 won
656 4023 693 4061 the
701 4022 750 4061 love
758 4022 781 4061 of
788 4022 825 4060 tha
835 4021 937 4069 English;
963 4022 1070 4069 secondly,
1079 4021 1107 4059 he
1115 4020 1203 4059 secured
1212 4021 1249 4059 the
1258 4020 1355 4066 alliance,
1365 4023 1387 4059 to

329 4087 376 4126 blm
385 4090 407 4126 at
415 4088 458 4126 this
469 4089 570 4136 juncture
579 4088 691 4136 especially
699 4098 819 4136 necessary,
825 4087 848 4126 of
855 4097 868 4126 a
875 4087 978 4134 powersul
986 4087 1105 4135 neighbour
1113 4087 1193 4134 priuce,
1201 4086 1240 4124 her
1246 4085 1338 4132 brother,
1349 4085 1386 4124 the

329 4154 393 4194 Duke
401 4155 425 4194 ol
437 4155 573 4205 Nemeum,
602 4157 646 4196 and
662 4155 748 4204 thirdly,
757 4157 785 4205 by
794 4155 909 4204 espousing
917 4155 953 4194 the
967 4153 1058 4202 mother,
1066 4153 1094 4192 he
1103 4152 1192 4193 secured
1200 4151 1289 4192 himself
1301 4152 1386 4202 against

312 4219 434 4264 .thesons.
