3212 5206
280 463 305 503 3⁶
663 467 791 508 namuel
806 467 844 508 DE
858 465 1005 508 SILGRAVE
1239 463 1275 512 [A.
1286 461 1313 502 D.
1324 457 1381 501 1040.

282 629 390 680 tamen
416 613 450 676 iu
476 635 576 700 regno
591 635 759 679 novercam
795 638 884 680 suam
917 613 1071 699 compulit
1107 611 1251 676 exulare.
1298 610 1382 677 Quae

281 730 362 795 nihil
399 731 458 795 sibi
486 747 591 796 tutum
627 734 790 810 arbitram,
824 735 858 796 in
894 732 1101 807 Normannia,
1132 742 1206 816 post
1247 740 1384 793 mortem

282 841 388 906 fratris
411 855 444 906 et
458 855 613 929 nepotum
630 865 770 921 suorum,
783 866 840 928 per
855 843 1029 907 triennium
1048 843 1107 905 sub
1133 842 1246 904 umbra
1273 838 1385 925 deguit

283 950 461 1017 Baldewini
486 954 612 1017 comitis
638 954 806 1020 Flendrire.
862 955 939 1031 Qui,
965 953 1116 1017 defuncto
1139 975 1214 1038 rege
1250 950 1384 1014 Franco·

282 1081 357 1126 rum
385 1061 538 1140 Henrico,
563 1065 619 1147 qui
657 1064 846 1150 Philippum
876 1063 1043 1148 parvulam
1070 1062 1242 1147 reliquerat
1273 1059 1383 1136 lilium,

283 1191 422 1257 regnum
448 1171 591 1236 Francim
616 1172 787 1258 aliquantis
811 1174 902 1236 annis
922 1171 1070 1236 nobiliter
1095 1171 1188 1234 rexit.
1246 1169 1385 1233 Adultu-

287 1303 353 1366 que
379 1280 530 1367 Philippo
550 1281 688 1347 fideliter
710 1283 870 1358 restituit3
903 1304 978 1346 nam
1004 1282 1073 1367 ejus
1096 1281 1227 1345 amitam
1250 1299 1384 1346 uxorem

290 1388 439 1454 habebat
485 1388 576 1454 [dem
604 1389 773 1467 Haraldus,
804 1413 912 1455 mense
939 1391 1043 1477 Aprili
1069 1389 1249 1466 defunctae,
1280 1387 1384 1452 West-

284 1499 481 1564 monasterio
496 1499 671 1566 tumulatus
688 1501 831 1585 quiescit.
1088 1497 1091 1502 ’

634 1705 690 1771 Dr
706 1705 944 1772 Haanscaoro
959 1726 1054 1771 anon.

324 1826 452 1892 Areus
466 1827 564 1914 igitur
578 1840 611 1893 et
626 1828 729 1893 Danis
754 1829 787 1892 in
811 1851 911 1892 unum
941 1826 1214 1902 convenientibus,
1234 1823 1382 1890 accitus*

284 1935 511 2000 Hardecnutus
540 1937 629 2000 venit
657 1937 692 2000 in
724 1937 874 2022 Angliam
903 1958 1012 2000 mense
1042 1937 1201 2022 Augusto,
1230 1947 1264 1998 et
1292 1934 1385 1999 annis

283 2043 409 2109 duobus
432 2058 547 2128 praeter
570 2045 683 2110 decem
704 2045 772 2110 dies
798 2047 974 2132 regnavit‡
1020 2046 1109 2110 Nam
1132 2045 1190 2109 filii
1217 2043 1384 2110 Ethelredi

282 2152 348 2218 fere
363 2155 512 2219 omuibus
526 2154 691 2240 despectui
706 2167 806 2232 erant,
816 2155 918 2240 magis
932 2167 1063 2240 propter
1076 2167 1218 2241 paternae
1233 2155 1384 2220 socordiae

284 2265 482 2343 memoriam,
504 2288 599 2350 quam
621 2267 787 2331 Danorum
805 2265 993 2352 potentiam.
1040 2265 1105 2330 Hie
1130 2265 1289 2352 siquidem
1308 2288 1384 2331 con·

282 2375 353 2440 silio
375 2375 588 2463 quorundam,
611 2376 744 2440 Haraldi
759 2375 910 2440 cadavere
926 2377 1061 2454 defosso,
1083 2388 1179 2463 caput
1202 2375 1385 2442 obtruncari

279 2485 394 2572 jussit3
417 2498 450 2550 et
471 2485 652 2551 miserando
674 2485 859 2550 mortalibus
877 2486 1026 2573 exemplo
1047 2487 1082 2550 in
1102 2485 1251 2552 Tamesis
1271 2486 1384 2573 projici

283 2595 368 2660 fecit.
416 2594 481 2661 Sed
510 2595 544 2661 id
573 2618 592 2661 a
618 2595 758 2685 quodam
782 2597 936 2685 piscatore
960 2609 1132 2684 exceptum
1155 2597 1190 2662 iu
1215 2597 1325 2684 sagina
1346 2597 1382 2662 in

283 2708 467 2774 coemeterio
482 2707 650 2773 Danorum
665 2708 842 2774 tumulatur
857 2706 1046 2774 Londoniae.

326 2819 496 2884 'fributum
507 2819 606 2885 etiam
616 2819 809 2885 inexorabile
821 2831 855 2884 et
866 2819 1064 2904 importabile
1075 2818 1191 2907 Anglis
1199 2817 1382 2904 imposuitq

282 2926 370 3012 quod
383 2928 462 2992 dum
476 2949 534 3015 per
546 2928 699 3014 Angliam
714 2929 902 3020 importune¹
911 2923 1100 3014 erigeretur,
1112 2929 1177 2993 duo
1192 2929 1310 3006 infesti,
1321 2926 1384 2992 hoc

282 3059 400 3101 munus
414 3049 620 3123 exequentes,
636 3037 842 3123 aWigoruiae
857 3036 978 3101 civibus
993 3037 1127 3102 extincti
1141 3049 1225 3102 sunt.
1256 3036 1386 3104 Verun-

281 3162 390 3214 tamen
409 3147 494 3211 inter
511 3159 647 3210 mortem
666 3145 801 3210 Haraldi
821 3159 855 3212 et
877 3146 1149 3233 exspectationem
1171 3146 1383 3224 Hardecuuti‚

279 3258 369 3325 venit
383 3255 542 3335 Elfredus,
557 3256 790 3344 primogenitus
805 3256 972 3323 Ethelredi
981 3257 1022 3322 de
1035 3255 1162 3338 Emma,
1171 3258 1206 3324 in
1216 3259 1381 3344 Angliam,

282 3369 387 3457 quiet
405 3391 425 3433 a
443 3367 660 3455 compatriotis
675 3380 708 3433 et
725 3368 884 3456 praecipue
900 3390 920 3433 a
935 3368 1094 3434 Godwino
1116 3369 1232 3434 comite
1254 3368 1381 3434 Cantiae

282 3481 426 3558 traditus,
452 3479 538 3567 apud
570 3479 778 3567 Gilingeham
808 3492 986 3544 excecatus
1015 3491 1072 3556 est,
1103 3490 1136 3543 et
1166 3478 1279 3542 missus
1309 3478 1382 3566 Ery,

281 3589 487 3666 interfectus3
510 3589 577 3655 sola
595 3588 721 3653 decima
735 3590 890 3665 omnium,
914 3588 969 3671 qui
987 3609 1062 3652 cum
1077 3608 1116 3653 eo
1130 3601 1293 3665 venerant,
1308 3589 1383 3655 vitae

307 3839 320 3864 θ
333 3837 480 3878 Hardicanute
489 3843 533 3875 war
543 3835 595 3875 theu
603 3835 626 3875 ln
636 3834 754 3875 Deumark.

307 3911 521 3960 1⁶‘Hardecnutus,
538 3910 590 3949 dum
604 3910 662 3958 apud
679 3909 792 3950 Lamhithe
808 3909 831 3949 in
853 3909 954 3950 convivio
970 3920 1020 3950 cum
1035 3921 1114 3962 magna
1130 3913 1207 3954 letitia
1224 3914 1299 3954 bibens
1307 3916 1380 3962 staret,

280 3980 367 4028 repente
376 3977 432 4018 inter
439 3977 557 4017 bibendum
566 3976 681 4016 miserabill
689 3986 741 4015 casu
748 3975 771 4015 in
778 3979 857 4016 terram
865 3977 952 4024 sonuit,
960 3980 983 4016 et
992 3978 1023 4018 sic
1032 3984 1107 4020 mutus
1123 3989 1251 4030 pennanens
1266 3981 1382 4030 expiravit,

280 4048 302 4085 et
322 4044 453 4084 wmtoniam
469 4043 561 4090 delatus,
575 4041 642 4090 Juxta
657 4045 740 4091 patrem
753 4053 818 4082 suum
827 4043 922 4082 cnutum
931 4047 963 4084 est
973 4047 1115 4086 tumulatus.”
1129 4048 1190 4086 ltro.
1200 4057 1231 4087 nr
1240 4048 1339 4087 Drcrro.

308 4120 319 4168 ς
333 4117 435 4158 Thiswaa
446 4117 483 4156 the
492 4119 530 4156 tax
545 4116 631 4164 ofship·
639 4116 804 4166 money.eelled
820 4117 888 4158 Daue
898 4119 950 4167 golt,
967 4120 1092 4161 wherewith
1109 4125 1132 4160 to
1146 4121 1200 4170 keep
1209 4131 1238 4170 up
1251 4121 1286 4160 hls
1296 4121 1382 4161 Dannh

280 4196 347 4234 army,
356 4184 426 4224 which
435 4194 478 4223 was
488 4182 593 4223 ostensive
600 4192 655 4222 eren
663 4185 685 4221 at
695 4183 742 4222 that
750 4183 810 4231 time,
820 4185 863 4224 and
871 4184 986 4235 gradually
994 4187 1080 4228 became
1090 4197 1149 4228 more
1157 4188 1200 4226 and
1208 4197 1268 4228 more
1283 4197 1313 4234 so,
1322 4187 1356 4228 till
1364 4188 1382 4228 it

278 4255 357 4301 ended,
367 4257 390 4294 at
399 4254 447 4299 last,
457 4253 479 4292 in
489 4253 526 4293 the
535 4251 656 4293 overthrow
665 4253 689 4292 of
699 4253 822 4302 monarehy.
