3252 5170
654 583 874 639 nonoutnusts.
1223 576 1284 644 113

165 799 168 804 ,
226 756 316 810 tatus
343 757 400 823 est,
424 751 458 810 et
485 744 625 810 Saxonia
653 747 838 812 subacta-
848 745 1037 833 Conjuratio
1066 744 1278 814 Orientalium

228 853 424 919 Francorum
448 877 521 941 quae
544 868 674 920 vocatur
690 854 843 922 llartradi
863 869 973 920 exorta
988 869 1035 926 est
1058 871 1091 922 et
1105 857 1170 922 cito
1192 880 1280 923 com·

226 964 341 1048 posita.

269 1071 344 1141 786.
389 1074 500 1140 Carlus
524 1075 621 1140 misso
648 1077 790 1140 exercitu
815 1075 978 1143 Brittones
1002 1076 1138 1154 domuit,
1153 1091 1190 1143 et
1214 1095 1286 1144 ora·

224 1185 324 1250 tionis
339 1207 432 1250 causa
447 1186 582 1250 Romam
597 1185 698 1250 vadit.

270 1297 345 1364 787.
389 1295 523 1384 Flclipsis
538 1296 612 1361 solis
631 1299 716 1364 facta
734 1310 783 1362 est
806 1296 874 1362 XV
890 1297 964 1364 Kal.
983 1293 1285 1382 Octobris.‡—Cat-

228 1407 278 1473 lus
292 1430 367 1472 cum
382 1409 525 1472 exercitu
540 1407 647 1473 Roma
662 1411 805 1495 Capuam
821 1410 923 1475 venit.

269 1516 452 1583 Grimoldus
467 1518 551 1583 filius
566 1520 693 1606 Aragisi
714 1518 805 1584 ducis
826 1519 1128 1586 Beneventanorum
1141 1521 1177 1585 in
1191 1519 1276 1584 obsi*

224 1628 337 1693 datum
353 1629 421 1714 regi
436 1628 541 1692 datur.

269 1737 427 1804 Rutrudis
436 1738 502 1802 filia
510 1739 620 1824 regisa
633 1737 845 1803 Constantino
856 1739 1046 1826 imperatore
1056 1738 1281 1824 desponsatur·

270 1853 342 1916 788.
388 1847 511 1912 Tassilo
525 1847 593 1912 dux
610 1846 952 1933 Baioariaedepositus.

270 1959 455 2024 Graecorum
482 1958 641 2022 exercitus
656 1979 675 2021 a
690 1957 820 2022 Francis
835 1971 868 2022 et
892 1957 1114 2044 Langobardis
1130 1971 1163 2024 et
1178 1959 1282 2024 Bene-

224 2071 366 2136 ventanis
393 2068 506 2154 proelio
530 2082 704 2154 superatur.
752 2067 906 2133 Similiter
919 2081 953 2133 et
977 2071 1095 2134 Aratea
1120 2070 1154 2133 in
1177 2093 1284 2136 marca

223 2181 376 2248 Baioariae
391 2191 487 2265 atque
504 2179 604 2244 ltaliae
619 2203 639 2244 a
653 2178 736 2266 regis
760 2179 953 2243 exercitibus
979 2180 1055 2246 victi
1071 2193 1167 2267 atque
1183 2182 1284 2269 fugati

225 2306 309 2359 sunt.

266 2405 341 2473 789.
386 2405 501 2470 Carlus
518 2402 638 2481 slavos,
654 2404 710 2490 qui
726 2402 822 2468 Vul'zi
834 2416 999 2482 vocantur,
1008 2419 1126 2491 magno
1141 2404 1283 2469 exercitu

223 2517 389 2603 adgressus
403 2515 529 2580 domuit
543 2537 580 2578 ac
595 2514 710 2578 ditioni
725 2535 792 2578 suae
807 2513 999 2600 subjugavit.

267 2629 285 2692 7
290 2631 340 2691 90.
387 2624 452 2688 Hic
467 2625 570 2688 annus
584 2624 742 2687 bellorum
757 2624 897 2710 motibus
913 2625 1042 2710 quietus
1056 2623 1125 2688 fuit.
1173 2623 1280 2690 Quem

223 2756 277 2802 tex
293 2729 381 2820 apud
396 2734 613 2800 Wormaciam
629 2735 796 2818 transegit.

266 2847 340 2914 791.
385 2845 544 2910 Palatium
561 2843 782 2907 Wormacense
799 2843 950 2908 incendio
967 2857 1213 2930 comsumptum.

268 2957 392 3034 Carlus,
409 2955 591 3020 Pannonias
602 2977 676 3019 cum
693 2955 836 3019 exercitu
847 2955 1020 3042 ingressus,
1030 2957 1223 3021 Hunnorum
1233 2973 1281 3021 re·

222 3069 334 3155 giones
348 3066 432 3132 ferro
448 3078 482 3131 et
497 3057 563 3151 igni
579 3065 800 3150 depopulatur.

269 3181 345 3245 792.
392 3178 532 3243 Haeresis
547 3177 708 3241 Feliciana
734 3176 804 3261 ipso
828 3198 899 3240 eam
920 3177 1097 3262 abnegante
1121 3177 1280 3242 damnata.

223 3286 428 3375 Conspiratio
444 3286 575 3372 Pippini
590 3299 701 3350 contra
715 3298 839 3369 patrem
854 3287 948 3351 facta.

267 3399 306 3464 In
326 3397 471 3465 Baioaria
488 3419 567 3482 pons
582 3396 699 3460 navalis
714 3397 748 3459 in
765 3397 915 3460 Danubio
930 3397 1041 3462 factus.

265 3513 338 3577 793.
386 3508 483 3574 Fossa
497 3532 516 3573 a
531 3525 606 3595 rege
622 3508 704 3571 facta
719 3506 805 3571 intra
821 3505 1014 3570 Radantiam
1032 3518 1066 3570 et
1088 3505 1280 3571 Almoonam

224 3621 346 3685 fluvios.

268 3731 422 3797 Proelium
436 3731 555 3796 factum
571 3731 656 3794 inter
679 3731 866 3794 Sarracenos
886 3739 919 3792 et
934 3729 1081 3805 Francos,
1097 3728 1130 3791 in
1149 3727 1275 3805 Gothia,

224 3843 259 3907 in
276 3865 339 3926 quo
356 3841 520 3907 Sarraceni
535 3842 712 3928 superiores
727 3841 912 3905 extiterunt.

268 3952 437 4018 Saxonum
452 3952 600 4017 defectio.

267 4066 340 4130 794.
389 4061 538 4151 Synodus
563 4061 672 4126 habita
691 4061 726 4125 in
753 4058 1003 4138 Franeonofmd,
1018 4059 1052 4124 in
1073 4082 1136 4145 qua
1154 4059 1283 4125 haetesis

237 4192 1283 4224 ——...--.-—.-.--—---———--⁴-³·

680 4289 690 4334 1
704 4287 761 4335 Sept.
774 4286 802 4325 17.
