3212 5206
207 472 298 518 fill-800]
618 466 797 506 CHRONICON.
1241 466 1263 502 21

265 605 342 672 XV.
366 604 557 683 Cuthredus,
582 605 639 691 qui
660 617 732 691 post
756 625 854 668 annos
870 601 1029 666 sexdecim
1051 613 1193 664 mortuns
1208 612 1263 664 est.

213 719 361 805 Arripuit
375 729 446 803 post
461 739 536 781 eum
550 737 687 802 regnum

212 904 214 908 ,
251 828 345 894 XVI.
371 827 565 914 sigebertus,
581 827 629 890 vir
654 824 739 911 apud
764 847 838 890 suos
858 823 977 888 saevitia
1004 821 1160 898 immanis,
1178 821 1263 908 apud

211 955 336 1008 exteros
365 939 492 1024 ignavia
516 937 662 1013 infamis3
702 936 789 1001 uude
814 936 935 1001 factum
960 949 1009 1000 est
1038 950 1074 999 ut
1099 933 1266 998 communi

212 1051 359 1117 omnium
374 1049 449 1114 odio
472 1061 544 1133 post
568 1069 688 1112 annum
711 1068 812 1132 regno
829 1044 1009 1130 depulsusll
1028 1059 1062 1110 et
1077 1044 1204 1110 tandem
1232 1046 1266 1108 in

214 1161 399 1249 speluncam
415 1160 550 1247 fugiens,
567 1181 585 1222 a
599 1157 733 1223 subulco
748 1157 923 1237 confossus,
938 1145 1037 1220 vitam
1062 1155 1197 1221 finiverit
1213 1157 1272 1220 in·

213 1275 353 1361 dignam.
403 1273 468 1338 Cui
483 1273 635 1339 successit
649 1273 683 1336 in
699 1294 835 1358 regnum

258 1383 372 1448 XVII.
397 1382 599 1459 Kenwulfus,
612 1395 726 1466 etpost
741 1404 843 1448 annos
860 1383 991 1469 triginta
1006 1395 1039 1448 et
1060 1366 1166 1446 unum'
1177 1383 1272 1447 occis-

215 1518 252 1560 us
267 1510 326 1560 est.
371 1495 471 1580 Cujus
485 1514 621 1580 regnum
636 1494 786 1578 obtinuit

260 1603 394 1669 XVIII.
426 1602 610 1681 Bertricius,
636 1616 669 1668 et
692 1605 784 1668 annis
819 1605 978 1670 sexdecim
1004 1587 1171 1692 regnavit3
1203 1608 1274 1692 paci

219 1739 311 1802 mage
338 1737 435 1802 quam
459 1714 546 1780 bello
569 1737 698 1799 operam
724 1715 834 1795 dedit;
856 1732 988 1783 noverat
1012 1719 1097 1784 enim
1121 1720 1275 1784 amicitias

219 1848 422 1912 componere,
434 1837 601 1890 extraneos
612 1824 728 1888 blande
741 1825 912 1912 appellare,
936 1826 1116 1892 domesticis
1136 1851 1276 1912 congau-

220 1938 305 2003 dere.
352 1935 417 2001 Hic
440 1935 628 2022 Egbertum,
646 1933 687 2000 de
707 1935 806 2022 regali
828 1937 972 2022 prosapia
993 1952 1108 2014 ortum,
1126 1940 1158 2001 in
1176 1915 1274 2003 Fran-

221 2050 301 2113 ciam
317 2047 448 2134 fugavit.
493 2045 535 2109 In
556 2045 670 2110 diebus
684 2047 775 2111 istius
792 2060 950 2112 venerunt
959 2050 1180 2133 primo·Dani†
1196 2053 1277 2136 pira-

222 2175 264 2226 tae
279 2163 313 2224 in
328 2158 480 2245 Angliam
495 2182 570 2225 curn
581 2159 714 2223 navibus
731 2159 840 2236 tribus,
853 2172 886 2224 et
898 2173 990 2244 capta
1011 2141 1118 2247 praeda
1128 2163 1279 2228 citissime

224 2271 399 2335 redierunt.
445 2269 578 2334 Mortuo
594 2283 702 2334 autem
718 2268 886 2348 Bertricio,
973 2261 977 2268 ⁴

268 2381 366 2446 XIX.
390 2381 551 2470 Egbertus
577 2382 610 2445 in
638 2363 788 2468 Angliam
814 2381 918 2459 rediit,
935 2396 968 2447 et
992 2383 1110 2448 avitam
1136 2385 1280 2450 ascendit

227 2495 389 2571 thronum,
406 2516 607 2580 regnumque
623 2492 767 2579 adeptuS,
783 2515 849 2580 prae
864 2495 986 2558 caeteris
997 2495 1146 2560 omnibus
1161 2497 1280 2582 regiam

227 2605 359 2690 gloriam
374 2604 548 2690 dilatavith
564 2618 600 2670 ut
616 2605 648 2668 in
664 2606 871 2690 sequentibus
885 2605 1018 2669 dicetur.

547 2716 600 2778 Da
625 2733 738 2777 naono
761 2713 977 2779 Mancronmu.

274 2827 346 2890 Rex
377 2825 574 2889 Merciorum
604 2823 834 2888 dominabatur*
848 2821 889 2888 ¹in
916 2825 1227 2895 Gloucestereschire
1251 2845 1283 2896 et

231 2935 514 3013 Wirecestershire,
540 2948 574 3000 et
600 2933 888 3002 Warwickeschire.
935 2937 974 3000 ln
999 2939 1037 3002 iis
1052 2952 1100 3004 est
1115 2941 1282 3028 episcopus

231 3070 324 3128 unus,
337 3049 429 3134 cujus
439 3046 531 3112 sedes
546 3059 594 3110 est
611 3045 789 3132 Wigornlae.
836 3047 930 3112 Idem
940 3071 997 3112 rex
1012 3049 1236 3117 dominabatur
1251 3054 1284 3117 in

234 3159 450 3225 Cestreschire
465 3171 498 3223 et
514 3159 548 3223 in
563 3158 785 3224 Derbeschire.
832 3158 872 3222 In
889 3160 927 3223 iis
942 3173 990 3224 est
1006 3162 1173 3248 episcopus
1193 3187 1285 3229 unus

260 3397 269 3443 ΙΙ
284 3395 332 3434 “Δ.
347 3394 373 3433 Ι).
389 3392 561 3441 thamnycam
577 3390 695 3440 cynewutf,
709 3391 761 3430 with
774 3392 811 3430 the
829 3395 920 3430 consent
939 3391 964 3430 of
979 3391 1016 3430 the
1032 3393 1172 3433 west-saxon
1190 3396 1287 3445 counctl,
1366 3378 1369 3384 ’

232 3460 333 3509 deprived
344 3460 453 3509 ¹Sebrlght,
466 3459 500 3498 his
513 3457 609 3506 relative,
623 3458 656 3497 for
668 3457 809 3506 uurighteous
822 3458 894 3505 deedc,
907 3458 931 3497 ol
941 3458 975 3497 hie
993 3458 1104 3508 kmgdom,
1117 3464 1195 3510 except
1208 3463 1293 3514 Hamp-

232 3527 309 3567 shlre.'¹
336 3527 414 3567 saxon
429 3527 520 3566 crinon.

260 3596 271 3639 t
286 3595 347 3634 “The
357 3595 429 3634 Deuca
438 3596 460 3633 at
469 3593 634 3642 Teigne-rnouth
642 3593 691 3632 first
698 3592 773 3632 entred
782 3592 967 3633 forthommim
976 3593 1000 3633 of
1006 3594 1051 3634 this
1057 3595 1116 3644 land,
1123 3597 1188 3637 about
1196 3598 1234 3638 tlte
1242 3609 1292 3648 year

232 3661 335 3701 oschrlst
351 3661 394 3709 tet,
404 3664 457 3701 mito
470 3661 541 3700 whom
555 3661 674 3710 Brightrik,
684 3661 743 3709 Klng
757 3660 780 3700 ol
787 3661 824 3700 the
833 3661 993 3710 West-Saxons,
1006 3668 1054 3702 rent
1062 3663 1105 3702 the'
1115 3664 1211 3705 Μετὰ
1219 3666 1243 3704 ol
1256 3667 1292 3707 hle

233 3730 302 3768 house
311 3731 333 3768 to
340 3729 405 3768 know
414 3727 470 3767 their
477 3728 640 3776 intents,whom
647 3728 771 3776 resistantly
779 3728 830 3777 they
839 3729 897 3774 slew3
905 3732 941 3777 yet
948 3739 1004 3768 were
1011 3730 1062 3778 they
1071 3730 1142 3769 forced
1148 3732 1230 3771 hackto
1238 3733 1294 3772 their

234 3796 301 3844 ships,
313 3795 391 3844 hythe
405 3794 546 3842 lnhebitante,
559 3794 643 3842 though
656 3794 708 3843 long
722 3794 772 3843 they
785 3795 859 3843 stayed
872 3797 918 3842 not,
931 3796 970 3835 but
983 3796 1067 3845 eugerly
1080 3797 1175 3845 pursued
1187 3797 1244 3838 their
1258 3799 1293 3837 be-

235 3874 279 3912 gun
292 3861 444 3910 enterprIzes.”
471 3861 568 3900 Sreno’s
578 3862 702 3900 Encnaun.

259 3931 270 3978 ξ
286 3929 363 3977 Egbert
379 3931 428 3966 sent
442 3928 487 3966 lnto
506 3929 535 3966 all
550 3928 586 3966 the
599 3930 668 3966 costes
683 3928 707 3966 of
719 3927 762 3966 this
782 3928 844 3965 lande
860 3927 894 3965 liis
907 3929 1122 3968 commaundemeuts
1138 3931 1181 3969 and
1194 3931 1294 3970 commis-

234 3996 298 4042 sions,
310 3996 359 4034 that
372 3995 427 4037 from
441 3995 489 4033 that
503 3994 543 4042 day
557 3995 650 4034 torwaru
664 3995 700 4034 the
718 3994 802 4032 Saxone
821 3994 899 4032 should
912 3996 937 4033 hc
952 3995 1020 4034 called
1039 3996 1121 4044 Anglis,
1138 3998 1181 4035 and
1194 3997 1230 4036 the
1244 3996 1295 4038 land

235 4062 320 4110 Angue,
334 4062 357 4102 iu
373 4061 495 4110 Englische,
516 4061 639 4110 England.”
668 4053 932 4100 (intumescamus.
948 4063 964 4100 1.
979 4073 999 4110 p.
1017 4065 1059 4104 1³2.
