3252 5170
553 527 598 572 rx
620 527 701 573 srss.
725 525 917 572 suouousu.
1201 507 1263 570 151

215 703 342 749 necnon
356 675 551 745 cedwallam
566 700 676 765 regem
689 679 864 744 Westsexae
886 689 921 742 et
946 675 1039 742 Inam
1053 697 1265 742 successorem

217 794 287 879 ejus
302 819 311 873 ς
333 790 390 858 sed
404 803 438 855 ot
461 787 629 856 Sebertum
644 811 753 875 regem
769 787 994 874 Estanglorum
1021 787 1076 871 qui
1089 787 1265 852 monachus

215 900 350 968 effectus
364 913 422 979 est,
437 910 654 986 quempostea
680 897 792 963 Penda
818 896 945 977 occidit,
973 911 1006 962 et
1031 896 1129 961 Sebbi
1153 918 1263 982 regem

216 1010 368 1089 Estaexae,
395 1010 451 1094 qui
476 1009 650 1102 mopacbus
673 987 806 1072 efllectus
831 1006 919 1072 diem
944 1005 1125 1092 jocundum
1150 1006 1262 1071 mortis

212 1142 280 1187 suso
308 1121 464 1208 previdit,
499 1118 580 1184 vidit
608 1130 642 1184 et
670 1118 805 1204 gavisus.
824 1128 883 1183 est.
955 1116 1136 1202 Complevit
1163 1116 1264 1203 igitur

215 1229 412 1296 Ceoluulfus
440 1228 675 1295 hebdomadam
703 1250 816 1315 regum
845 1227 1061 1312 perfectorum
1090 1240 1124 1292 et
1151 1227 1267 1294 habitu

212 1339 392 1406 monachali
415 1352 572 1424 suscepto,
590 1338 687 1425 capiti
714 1339 780 1425 ejus
799 1359 918 1404 corona
940 1338 981 1402 de
1000 1336 1105 1424 lapide
1128 1338 1267 1423 pretioso

125 1501 133 1514 .
214 1449 367 1536 imposita
381 1462 428 1516 est
442 1473 460 1515 a
476 1450 627 1515 Domino.

256 1561 355 1625 Anno
379 1582 443 1645 quo
468 1574 611 1627 mortuus
635 1571 683 1625 est
707 1559 888 1640 Wilfridus,
904 1559 959 1644 qui
973 1559 1076 1626 suerat
1092 1559 1260 1647 episcopus

213 1667 319 1734 XXX
330 1669 422 1734 annis
437 1669 524 1757 apud
538 1670 728 1748 Eboracum,
744 1670 848 1734 visum
863 1683 911 1735 est
926 1670 1053 1756 signum
1068 1669 1214 1735 mirabile
1229 1670 1265 1735 in

214 1779 306 1845 coelo.
353 1778 461 1845 Stellae
482 1801 622 1866 namque
647 1779 708 1844 hac
723 1792 756 1845 et
770 1779 842 1845 illac
866 1778 1083 1845 discurrebant
1097 1801 1155 1866 per
1181 1801 1266 1860 aera,

213 1889 463 1974 quodomnibus
478 1890 679 1955 intuentibus
693 1911 812 1976 magno
827 1889 888 1955 fuit
902 1902 1055 1956 monstro.

259 1999 346 2078 Offa,
357 2023 414 2068 rex
427 2001 570 2079 Marciae,
585 2001 633 2066 vir
643 2000 808 2088 religiosus
822 2001 892 2067 fuit.
938 2000 1114 2067 Transtulit
1127 2022 1268 2089 namque

212 2111 314 2178 sancti
326 2111 448 2176 Albani
463 2133 533 2177 ossa
546 2111 582 2176 in
596 2113 835 2189 monasterium,
851 2110 938 2196 quod
952 2123 1170 2177 construxerat
1185 2112 1269 2178 mul-

214 2222 319 2306 tisque
334 2221 440 2286 modis
453 2221 615 2287 ditaverat.
656 2221 758 2287 Dedit
772 2222 890 2287 vicario
904 2221 991 2286 beati
1005 2222 1094 2288 Petri
1110 2221 1268 2290 Romanae

217 2331 304 2398 urbis
324 2331 474 2398 Pontifici
487 2331 626 2398 reditum
641 2344 796 2398 statutum
810 2331 852 2398 de
867 2331 1000 2420 singulis
1014 2330 1162 2398 domibus
1175 2332 1268 2420 regni

214 2441 264 2507 sui
279 2441 313 2506 in
330 2454 485 2508 eternum.

257 2549 429 2632 Edbertus,
449 2574 507 2618 rex
528 2551 563 2616 N
564 2554 780 2632 ortbumbriae,
796 2553 908 2620 videns
926 2552 1089 2620 Ceolwulf
1098 2552 1271 2639 pmdeces·

212 2663 292 2730 soris
317 2663 370 2728 sui
391 2663 490 2728 vitam
504 2663 708 2741 laudabilem,
726 2678 759 2730 et
785 2665 884 2729 finem
904 2664 1087 2750 gloriosum,
1104 2663 1271 2730 meliorem

140 2817 144 2824 ι
212 2786 336 2860 partem
346 2773 453 2860 elegit,
464 2797 535 2861 quae
547 2796 611 2839 non
622 2775 782 2840 auferetur
796 2775 837 2840 ab
851 2796 900 2841 co.
929 2773 1046 2860 Regno
1060 2796 1200 2858 namque
1209 2775 1271 2840 rel-

213 2885 277 2950 icto
289 2897 452 2950 tonsuram
468 2887 580 2971 capitis
601 2898 748 2951 eternum
764 2885 911 2951 diadema
924 2886 1269 2972 genituramsuscepit,

209 2993 378 3078 furvasque
404 3008 506 3059 vestes
530 2995 702 3060 aethereum
727 2993 929 3080 splendorem
954 2993 1123 3063 collaturas
1147 2994 1266 3060 induit.

212 3101 278 3170 Iste
302 3117 352 3168 est
375 3117 504 3170 octavus
525 3126 638 3190 regum
656 3103 782 3170 illorum
800 3106 856 3189 qui
870 3126 971 3191 regna
986 3127 1043 3170 sua
1058 3126 1116 3191 pro
1134 3103 1268 3171 Christo

215 3227 328 3302 sponte
341 3215 546 3280 dimiserunt:
563 3216 672 3293 immo,
687 3229 725 3281 ut
739 3215 844 3280 verius
855 3215 968 3292 dicam,
981 3237 1039 3299 pro
1050 3228 1161 3281 eterno
1170 3236 1271 3303 regno

211 3337 497 3390 commutaverunt
556 3324 684 3401 Quibus
722 3337 795 3390 octo
823 3324 1059 3390 beatitudinum
1086 3324 1269 3411 jocrmditas

214 3436 365 3522 perennis
392 3434 562 3520 multiplici
596 3435 827 3501 delectamento
857 3434 1061 3501 ineffabiliter
1085 3435 1270 3522 jocundata.

216 3545 365 3622 Quorum
379 3547 600 3612 strenuitatem
612 3547 728 3612 imitari
744 3548 900 3612 bonorum
916 3559 973 3611 est

136 3638 138 3646 '
264 3660 357 3728 Anno
382 3679 447 3741 quo
472 3657 592 3724 electus
617 3670 665 3722 est
690 3656 883 3722 Ethelredus
907 3655 995 3721 lilius
1015 3655 1087 3721 Mol
1103 3657 1139 3721 in
1160 3677 1271 3744 regem

219 3767 763 3845 Nerthumbrorum,'visafi1erunt
787 3768 822 3831 in
857 3766 937 3832 coelo
962 3766 1061 3832 rubea
1083 3766 1174 3852 signa
1199 3781 1272 3853 post

213 3900 362 3943 occasum
384 3876 469 3954 solis,
490 3890 523 3942 et
543 3876 695 3943 horrendi
709 3887 874 3964 serpentes
888 3877 947 3940 visi
961 3888 1037 3941 sunt
1052 3877 1087 3941 in
1103 3878 1271 3945 Suthsexae

215 4009 290 4052 cum
304 4008 421 4072 magna
435 3986 653 4058 admiratione.

253 4098 352 4161 Anno
376 4097 486 4183 gratias
501 4096 772 4163 DCCLXXXVI
797 4098 943 4182 apparuit
970 4098 1102 4184 signum
1118 4097 1220 4164 crucis
1235 4097 1270 4162 in

213 4207 361 4283 vestibus,
375 4207 463 4294 quod
483 4207 573 4275 dictu
588 4220 621 4274 et
636 4208 747 4274 auditu
762 4207 876 4273 seculis
891 4208 1039 4274 omnibus
1054 4206 1151 4275 videri
1167 4221 1271 4296 potest
