3252 5170
225 507 253 548 A.
263 507 291 550 D.
299 508 424 556 llll-lull
710 506 888 548 CHRONICOE.
1250 507 1274 546 8⁹

224 665 339 710 novam
350 656 438 708 extra
447 641 553 707 villam
564 640 731 708 ecclesiam
744 656 943 720 construens,
953 641 1123 707 canonicos
1137 641 1275 708 instituit

223 754 346 820 ibidem
367 754 539 841 regulares.
585 755 711 823 Quibus
736 777 794 842 per
809 753 1031 819 Theobaldum
1057 775 1272 818 successorem

226 890 319 934 suum
334 866 514 945 eliminatis,
530 867 677 938 monachi
693 866 866 932 introducti
880 879 964 944 sunt,
981 879 1014 931 ct
1028 849 1048 929 a
1064 865 1162 931 Curia
1174 864 1276 932 Rom·

226 1003 287 1046 ana
300 981 479 1046 confirmati
491 1007 501 1061 3
524 980 569 1046 ita
583 979 671 1067 quod
693 980 798 1044 dictus
822 979 1073 1066 archiepiscopus
1096 993 1129 1044 et
1151 1001 1275 1046 succes-

226 1115 312 1160 sores
326 1093 376 1157 sui
391 1092 540 1158 ordinent
550 1105 583 1157 et
592 1093 761 1177 disponant
776 1091 809 1155 in
820 1090 1045 1178 temporalibus
1060 1105 1092 1157 ct
1107 1092 1277 1178 spirituali-

224 1204 332 1268 busin
347 1201 481 1269 ecclesia
498 1202 657 1288 praedicta,
684 1201 861 1268 secundum
877 1215 1020 1268 tenorem
1036 1202 1275 1290 privilegiorum

227 1339 368 1382 suorum.
414 1316 476 1382 His
502 1316 546 1380 ita
571 1315 676 1404 gestis,
701 1337 767 1392 rex,
791 1327 828 1380 ut
853 1314 1053 1402 praelibatum
1069 1329 1128 1396 est,
1143 1316 1177 1381 iu
1198 1337 1277 1404 pace

226 1428 370 1514 quievit3
394 1442 428 1494 et
453 1428 734 1516 quoniam.filium
757 1451 824 1493 non
849 1428 997 1507 habebat,
1027 1429 1104 1494 fecit
1126 1428 1277 1516 Angliam

225 1541 371 1631 adjurare
387 1541 515 1609 Matildi
525 1541 718 1633 imperatrici
733 1540 808 1607 filiae
831 1563 897 1608 suae
912 1554 1064 1631 tanquam
1085 1542 1213 1609 haeredi.

569 1725 623 1796 Du
647 1728 822 1796 Srsrusuo
846 1749 943 1794 saon

269 1839 368 1906 Anno
403 1839 502 1928 igitur
534 1841 758 1907 incarnationis
792 1841 973 1906 Dominicae
1010 1837 1081 1907 MC
1117 1840 1278 1931 tricesimo

228 1951 351 2038 quinto,
376 1951 558 2040 Stephanus
579 1975 686 2018 comes
703 1951 855 2030 Boloniae,
876 1952 985 2018 audita
1004 1967 1106 2018 morte
1129 1954 1280 2018 avunculi

227 2065 276 2130 sui
294 2062 427 2129 chrici
443 2064 526 2150 regis
542 2063 677 2151 Angliae,
692 2065 780 2129 venit
795 2063 829 2127 in
845 2063 1008 2150 Angliam,
1024 2079 1056 2129 et
1069 2087 1089 2128 a
1104 2063 1278 2130 Willielmo

229 2173 452 2240 cantuariensi
461 2175 696 2263 archiepiscopo
705 2190 904 2242 consecratus
913 2177 1131 2263 estinregem.
1166 2175 1280 2253 Quum

228 2283 328 2373 Hugo
351 2285 465 2373 Bigod,
483 2287 538 2372 qui
561 2286 664 2352 fuerat
682 2287 766 2374 regis
788 2287 923 2353 Henrici
944 2287 1165 2366 seneschallus,
1190 2287 1278 2353 dicto

227 2397 463 2486 archiepiscopo
493 2414 690 2465 sacramento
719 2399 898 2478 affirmavit,
922 2400 1008 2486 quod
1030 2398 1179 2467 dominus
1201 2423 1278 2466 suus

224 2526 383 2600 aegrotans
398 2525 431 2576 et
445 2513 479 2576 in
495 2513 645 2577 extremis
660 2535 766 2599 agens,
783 2535 840 2600 pro
856 2512 1044 2597 quibusdam
1056 2514 1278 2579 controversiis

226 2623 303 2688 ortis
325 2623 408 2693 iuter
431 2624 534 2711 ipsum
557 2638 590 2688 et
612 2623 710 2687 filiam
731 2646 823 2688 suam
841 2623 1011 2689 Matilrlem
1032 2624 1276 2710 imperatricem,

224 2736 327 2823 ipsam
341 2735 564 2813 exhoeredavit,
580 2749 613 2800 et
627 2735 750 2800 dictum
766 2733 975 2822 Stephanum,
991 2735 1072 2802 Adae
1080 2737 1193 2802 sororis
1208 2761 1275 2803 suae

228 2847 343 2926 filium,
358 2847 519 2912 haeredem
534 2870 627 2912 suum
643 2847 817 2912 constituit.

272 2960 348 3046 Ipsa
369 2971 477 3023 tamen
500 2957 639 3024 obtinuit
668 2958 817 3045 quaedam
846 2957 973 3024 castella
1001 2961 1035 3025 iu
1068 2955 1278 3040 Normannia,

227 3084 300 3160 post
328 3085 464 3136 mortem
494 3071 591 3158 patris
622 3070 682 3136 sui.
727 3067 826 3136 Porro
848 3094 906 3136 rex
931 3071 1114 3160 Stephanus
1143 3073 1280 3140 duxerat

228 3182 437 3262 Matildemll,
454 3182 553 3248 liliam
569 3179 734 3248 Eustachii
748 3183 872 3250 comitis
888 3181 1043 3264 Boloniae,
1059 3209 1134 3251 cum
1156 3186 1277 3251 honore

226 3295 385 3361 Boloniae:
421 3294 461 3360 ‹le
477 3318 540 3379 qua
559 3295 672 3382 genuit
692 3295 773 3359 duos
794 3294 886 3372 filios,
902 3295 1051 3362 videlicet
1068 3296 1276 3363 Eustachium

228 3420 262 3472 et
273 3405 481 3483 Willelmum,
494 3419 527 3470 et
538 3428 636 3470 unam
649 3404 746 3469 liliam
758 3407 888 3471 nomine
904 3405 1052 3474 Mariam.
1088 3383 1278 3475 Eustachius

227 3518 334 3606 igitur,
346 3530 437 3603 pater
458 3513 604 3582 Matildis
625 3515 753 3604 reginae,
776 3515 862 3583 filius
883 3517 945 3584 fuit
967 3518 1081 3608 Magni
1105 3517 1279 3600 Eustachii,

227 3642 441 3718 cognomento
457 3625 628 3706 Eskernus,
644 3625 756 3716 quide
773 3651 873 3694 uxore
888 3652 945 3696 sua
960 3625 1027 3710 Ida,
1044 3654 1116 3718 quae
1130 3631 1198 3697 filia
1219 3631 1281 3699 fuit

227 3741 314 3807 illins
336 3740 454 3819 militis,
477 3763 574 3827 quem
598 3739 743 3806 Cinctius
763 3764 820 3827 por
841 3765 935 3840 mare.
953 3741 994 3808 ad
1013 3742 1103 3809 littus
1118 3745 1212 3811 castri
1237 3745 1278 3811 de

230 3946 324 3986 brunon
343 3945 414 3985 solum
428 3944 511 3994 Anam,
524 3945 561 3984 soll
574 3946 732 3984 staturarum
751 3945 910 3994 prorlnclarom
923 3947 1057 3997 eplscoplset
1067 3949 1179 3989 abbatibus
1193 3954 1215 3990 et
1229 3961 1280 4000 rege

183 4043 188 4058 ,
231 4010 325 4050 llenrlco
343 4012 365 4049 et
379 4009 459 4058 regins,
475 4011 498 4048 et
511 4007 640 4057 prlmorlbns
655 4007 722 4057 regul.
757 4009 836 4056 David,
854 4020 895 4050 rex
914 4011 1032 4059 scotorum,
1049 4012 1121 4060 alluit,
1135 4017 1157 4052 et
1171 4015 1277 4056 nobilium

227 4072 353 4112 multitudo.
379 4071 408 4112 Et
417 4073 465 4111 octo
472 4074 505 4110 eet
517 4071 564 4110 hrec
572 4071 701 4112 consecratio
713 4071 739 4111 Δ.
753 4072 781 4112 D.
797 4073 852 4113 11³9.
875 4073 961 4113 brnen.
976 4074 1244 4118 u1scsnomu’sv1n.

253 4137 270 4177 1
284 4137 325 4176 She
333 4146 377 4174 war
385 4146 399 4174 a
407 4135 496 4175 Woman
504 4137 561 4185 (says
571 4135 649 4183 Baker)
657 4135 719 4175 mode
727 4136 759 4176 lor
767 4136 804 4176 the
814 4137 936 4187 proportior
946 4138 970 4177 ot
982 4139 1034 4179 both
1048 4139 1160 4188 fertonem
1174 4140 1196 4180 ln
1204 4141 1280 4182 adver-

229 4204 271 4254 rlty
280 4207 318 4244 not
330 4203 433 4252 denoted,
446 4202 469 4242 ln
477 4203 595 4253 prosperlty
603 4205 641 4243 not
648 4203 731 4252 elatem
753 4205 817 4244 wblle
824 4205 863 4246 ber
874 4205 1024 4246 hunbaudum
1032 4209 1054 4248 at
1062 4207 1145 4257 liberty,
1154 4219 1168 4247 a
1178 4218 1278 4257 vomam

227 4271 307 4320 ‹lurtng
313 4270 348 4310 his
356 4270 457 4317 durance.
464 4280 488 4309 ss
494 4271 512 4310 rt
520 4281 594 4310 werec
605 4281 664 4318 mon,
672 4272 744 4322 aenng
751 4271 786 4312 bis
792 4276 840 4322 part
846 4273 880 4314 tor
887 4273 933 4312 blm
938 4274 1001 4313 when
1009 4274 1036 4314 be
1045 4284 1088 4314 war
1096 4275 1213 4315 rostralned
1221 4275 1278 4316 from

229 4338 302 4388 actlng
309 4338 327 4378 lt
334 4337 436 4388 blmsell3
444 4340 482 4380 not
489 4338 578 4390 looklng
587 4338 633 4380 unt
640 4338 725 4381 lot-tune
732 4340 810 4382 should
817 4340 858 4382 fall
865 4341 911 4382 luto
919 4341 957 4383 her
963 4341 1005 4392 lap,
1014 4342 1054 4383 but
1059 4341 1193 4396 lptlprtrlous
1199 4346 1279 4394 ropro-

230 4405 312 4448 curelt.
