3212 5206
318 431 344 471 44
643 429 768 470 nausiet
782 426 821 470 ba
833 428 979 470 sinunnvtt
1191 431 1227 482 [Α.
1235 432 1261 472 D.
1267 432 1356 472 uto-8⁷1.

316 578 392 632 runt
412 565 617 632 discordiam:
651 584 760 654 postea
777 590 851 632 cum
873 567 986 632 iisdem
1008 567 1149 634 hostibus
1170 571 1354 636 conflictum

318 677 464 756 habituri,
487 678 520 740 in
543 678 667 742 obviam
689 679 867 765 prodeunt3
890 678 946 744 sed
967 678 1056 744 facile
1079 679 1171 766 pulsi,
1193 681 1276 746 intra
1299 703 1349 746 ur-

316 789 391 853 bem
418 787 597 854 Eboracum
616 811 649 853 se
675 789 863 869 includunt,
899 811 963 876 qua
977 811 1084 855 moxa
1102 792 1271 856 victoribus
1285 814 1356 857 suc-

316 924 412 967 censa
426 915 459 967 et
477 915 543 966 tota
563 901 732 978 devastata,
743 897 984 967 Nortbanimbri
1000 901 1164 966 Danorum
1180 901 1357 967 dominium

318 1015 418 1080 multo
443 1027 514 1101 post
538 1027 678 1101 tempore
702 1015 885 1101 ingemuere
911 1013 1081 1100 subjugati.
1124 1016 1169 1078 At
1190 1036 1265 1079 vero
1288 1015 1356 1080 Rex

317 1125 517 1202 Ethelredus‚
541 1125 648 1190 multis
670 1124 829 1190 laboribus
844 1123 1030 1202 confractus,
1050 1124 1138 1203 obiit,
1153 1138 1187 1191 et
1207 1125 1241 1189 in
1259 1125 1358 1190 Wim·

316 1239 416 1304 burne
436 1239 448 1320 ΙΙ
468 1252 516 1304 est
530 1236 681 1324 sepultus.

661 1456 714 1520 Ds
738 1453 897 1518 Aruerno
919 1474 1015 1518 naon.

359 1609 458 1674 Anno
484 1609 617 1675 Domini
650 1609 912 1696 octingentesimo
935 1609 1166 1696 septuagesimo
1203 1608 1353 1687 secundo,

318 1721 468 1787 Alfredus
477 1743 610 1807 regnum
626 1722 753 1806 accepit,
763 1721 819 1808 qui
831 1723 1015 1786 unctionem
1025 1744 1043 1785 a
1052 1723 1137 1806 Papn
1146 1720 1256 1786 Leone
1267 1722 1353 1808 prius

317 1838 499 1918 acceperatss
510 1847 543 1898 et
552 1855 709 1910 coronam,
721 1855 816 1918 quam
826 1833 939 1917 viginti
951 1834 1042 1897 annis
1051 1849 1083 1897 et
1094 1833 1186 1898 semis
1197 1832 1360 1914 laboriose,

317 1944 373 2010 scd
395 1945 572 2022 fortissime,
588 1946 681 2008 rexit.
735 1944 810 2019 Qui,
826 1944 984 2008 continuis
1000 1944 1051 2008 IX
1066 1945 1158 2010 annis
1172 1967 1244 2009 cnm
1259 1945 1358 2011 bosti-

317 2056 376 2120 bus
385 2054 558 2135 decertans,
568 2055 609 2120 ad
621 2055 680 2119 hoc
690 2054 817 2118 tandem
826 2054 923 2139 impie
933 2071 1059 2118 coactus
1069 2071 1127 2133 est,
1139 2056 1237 2120 utrix
1253 2057 1352 2121 tribus

316 2167 417 2256 plagis
431 2167 464 2231 in
480 2166 544 2232 fide
559 2165 754 2244 cedentibus,
770 2165 803 2230 id
818 2179 875 2242 est,
892 2165 1113 2254 Hamptesyre,
1127 2166 1313 2255 Wyltesyrc,
1326 2182 1359 2232 et

319 2278 593 2363 Summersetsyre,
609 2277 642 2340 in
668 2277 801 2340 insulam
825 2276 983 2361 quandam
997 2278 1049 2342 vix
1064 2279 1284 2356 accessibilem,
1301 2302 1357 2344 no-

316 2517 378 2558 nulla
390 2513 571 2566 gensproditlone
580 2512 615 2552 vel
628 2511 702 2552 fraude
710 2511 740 2552 els
753 2511 871 2551 consimilis
880 2511 995 2550 videretur.
1022 2511 1067 2550 Nec
1081 2514 1125 2550 erat
1139 2512 1170 2550 eis
1182 2512 1277 2551 invisum
1285 2512 1367 2562 aliquid

317 2585 360 2626 nisi
371 2584 438 2634 pletas
446 2587 467 2622 et
474 2582 564 2630 justitia,
572 2592 612 2620 nec
626 2581 694 2622 bonor
706 2579 750 2620 nisi
763 2579 819 2618 bella
830 2578 880 2628 plus
893 2589 958 2627 quam
970 2578 1049 2625 civilia,
1057 2583 1079 2618 ct
1095 2579 1207 2628 ssngmnis
1215 2581 1364 2620 innocentium

314 2652 400 2692 effusio.
427 2650 488 2690 Misit
496 2659 546 2698 ergo
562 2649 592 2688 eis
608 2649 667 2687 Deus
685 2647 824 2696 Omnipotens
841 2649 914 2694 gentes
930 2646 1027 2694 Paganss
1044 2645 1210 2692 crudelissimas,
1226 2647 1286 2686 velut
1299 2657 1365 2695 apum

315 2720 423 2765 exantins,
432 2727 483 2768 quse
489 2729 516 2756 ne
526 2717 590 2756 sextu
602 2716 688 2765 quidem
697 2713 841 2754 muliebriaut
850 2714 990 2762 parvulorum
997 2717 1107 2762 parcerent
1115 2713 1181 2760 atati,
1191 2714 1264 2753 Darios
1277 2714 1366 2762 scilicet,

316 2789 339 2826 et
348 2787 502 2834 Norwigenses
512 2785 600 2830 Gothos,
609 2786 631 2822 et
644 2783 774 2828 Swatlredos,
785 2781 897 2821 wandalos
911 2785 932 2819 et
948 2781 1029 2828 Fresos,
1038 2782 1076 2830 qui
1089 2783 1115 2820 ab
1124 2781 1214 2821 exordio
1223 2782 1279 2830 regis
1289 2782 1362 2820 Ethel-

317 2853 373 2892 wolfi
379 2852 481 2901 usquead
491 2849 663 2888 Norrnannorum
672 2849 796 2894 adventurn,
806 2858 842 2896 per
853 2858 919 2886 annos
928 2848 994 2886 ferme
1004 2848 1101 2887 CCXXX
1109 2851 1188 2887 terram
1199 2849 1253 2887 banc
1263 2849 1363 2896 peccatri-

319 2929 373 2965 cem,
382 2917 456 2958 amari
463 2927 532 2965 usque
541 2916 568 2954 ad
575 2925 640 2961 mare,
649 2919 670 2953 et
678 2916 704 2954 ab
709 2915 796 2953 homine
802 2925 870 2963 usqne
877 2915 903 2953 sd
911 2924 983 2964 pecus,
989 2915 1122 2954 deleverunt.
1149 2915 1257 2962 Siquidem
1265 2916 1366 2964 Angliem

317 2987 390 3025 crebro
397 2986 419 3024 et
427 2983 523 3032 undique
530 2982 664 3027 invadentes,
673 2991 716 3020 non
724 2991 772 3020 cam
780 2981 892 3028 subjugare
901 2991 924 3019 ac
933 2981 1039 3029 possidere
1047 2981 1209 3028 sedpraedariec
1216 2982 1302 3030 perdere
1310 2986 1366 3020 sata-

316 3053 401 3102 gebant.
427 3051 470 3093 Qui
477 3050 497 3089 si
504 3049 618 3098 aliquando
629 3049 773 3094 vincerentur,
782 3047 836 3087 nibil
844 3048 980 3096 proficiebant
988 3047 1060 3096 Angli,
1069 3057 1138 3095 quum
1147 3048 1197 3087 alibi
1210 3049 1283 3087 classis
1297 3051 1364 3098 major

319 3124 341 3161 et
349 3120 458 3160 exercitus
466 3129 495 3158 ex
501 3117 617 3167 improviso
626 3119 647 3156 et
655 3116 727 3155 subito
735 3115 866 3156 adventret.'’

345 3189 365 3228 lt
373 3188 413 3227 bas
421 3188 474 3226 been
480 3184 667 3236 Justlyremarlred
681 3185 728 3223 that
741 3184 777 3223 the
791 3185 886 3224 Romans
900 3181 1023 3232 conquered
1036 3183 1078 3221 and
1093 3182 1191 3222 civilized
1203 3183 1239 3222 the
1249 3182 1332 3223 natives
1341 3184 1367 3223 oi

318 3255 411 3302 Britain;
424 3253 673 3302 thesaxonsconquered
678 3253 720 3293 snd
732 3251 876 3300 incorporated
885 3251 1013 3295 withtbem;
1028 3251 1065 3290 tbe
1074 3251 1180 3292 blormans
1194 3251 1314 3300 conquered
1323 3251 1364 3290 and

319 3323 463 3374 dispossessed
471 3322 507 3362 the
516 3321 648 3370 conquered:
669 3320 708 3358 but
715 3319 752 3357 tbe
761 3319 831 3358 Danes
837 3319 964 3368 conquered,
973 3319 1022 3368 only
1031 3322 1053 3357 to
1061 3318 1152 3367 plunder
1160 3319 1203 3357 and
1212 3319 1306 3358 desolate
1320 3319 1363 3357 and

319 3393 417 3440 destroy:
438 3393 452 3412 “
459 3389 551 3429 Romani
559 3387 664 3436 siquidem
674 3385 807 3425 Britanniam
815 3387 856 3426 sibi
863 3386 922 3425 brevi
931 3387 1109 3435 subjugavemnt,
1118 3389 1140 3423 et
1151 3385 1197 3434 lege
1206 3385 1363 3424 dominantium

319 3457 429 3506 splendide
437 3458 551 3496 rexerunt:
566 3455 663 3493 Saxones
672 3459 752 3499 autem,
761 3463 800 3500 pro
809 3452 891 3491 viribus
899 3453 1003 3500 paulatim
1010 3455 1089 3491 terram
1098 3451 1155 3491 bello
1164 3455 1307 3500 capessentes,
1314 3462 1362 3500 cap-

315 3525 360 3562 tam
367 3523 496 3568 obtinebant,
504 3523 614 3560 obtentam
621 3521 761 3566 aedificabant,
768 3519 983 3566 aediiicatamlegibus
990 3521 1102 3567 regebant;
1117 3528 1205 3557 necnon
1215 3522 1236 3558 et
1247 3519 1365 3558 tiorrnannl

317 3589 360 3630 cito
369 3592 390 3629 et
398 3589 491 3628 breviter
498 3593 576 3627 terram
586 3588 700 3627 subdentes
708 3586 755 3633 sibi,
771 3587 833 3625 victis
840 3586 906 3625 vitem
915 3589 937 3624 et
944 3585 1063 3624 libertatem
1079 3586 1179 3634 legesque
1192 3585 1291 3634 antiquas
1306 3585 1367 3634 regni

314 3657 528 3706 Jureconcesserunt.
556 3654 612 3693 Dani
620 3664 670 3692 vero
676 3657 753 3692 terram
761 3654 857 3701 undique
865 3652 990 3692 creberrime
998 3655 1019 3690 et
1026 3652 1121 3700 undique
1137 3652 1257 3691 diutissime
1271 3652 1366 3691 insilien-

316 3728 349 3763 tes
358 3726 379 3762 et
387 3723 513 3770 assilientes,
520 3733 567 3762 cam
577 3732 622 3766 non
629 3722 730 3768 obtinere,
739 3720 872 3769 sedpraedari
881 3725 902 3758 et
910 3721 996 3768 perdere
1005 3720 1126 3768 studebant,
1135 3724 1155 3758 et
1161 3720 1234 3760 omnia
1248 3719 1364 3766 destruere,

317 3799 360 3830 non
376 3789 481 3829 dominari
493 3788 627 3839 cupiebant.”
653 3789 737 3828 noers
753 3798 783 3826 ns
797 3788 923 3834 iiovanrn,
938 3788 1030 3826 Annas.
1045 3798 1066 3836 p.
1080 3789 1125 3827 412.

344 3859 353 3904 l
369 3856 506 3896 wimbourne
513 3857 536 3896 in
545 3856 685 3902 Dorsetslrire,
693 3856 776 3895 famous
783 3855 816 3894 for
824 3865 837 3894 a
844 3855 948 3895 beautiful
956 3855 991 3894 old
1000 3855 1095 3894 minster.

345 3926 355 3972 1
376 3926 389 3946 “
397 3923 477 3963 Alured
485 3934 528 3963 was
534 3924 595 3974 iayre
603 3923 626 3963 oi
632 3924 719 3973 shappe,
726 3924 769 3962 and
777 3934 835 3963 more
843 3924 906 3963 loued
915 3925 938 3962 of
945 3924 1004 3963 fader
1011 3925 1054 3963 and
1062 3924 1135 3963 moder
1142 3923 1194 3964 than
1203 3923 1238 3963 bis
1247 3922 1308 3962 other
1318 3922 1364 3960 bre·

318 3991 451 4037 theren,and
464 3991 555 4040 dwellyd
570 3991 636 4030 inhis
645 3991 721 4032 iader's
736 3994 841 4031 courteto
855 3991 891 4030 the
899 4002 948 4040 yere
956 3992 980 4030 of
985 3992 1018 4030 his
1033 4002 1071 4040 age
1085 3992 1171 4037 twelue,
1181 3991 1223 4030 and
1231 3999 1274 4028 was
1283 3992 1321 4028 not
1329 3990 1365 4036 yet

318 4057 407 4104 lettretl;
426 4061 462 4106 yet
470 4057 524 4096 after
531 4057 579 4096 that
587 4057 623 4096 the
631 4058 707 4107 chylde
715 4057 788 4097 lerned
796 4058 859 4108 ryght
869 4059 927 4104 wele,
935 4059 977 4098 and
990 4058 1053 4097 helde
1067 4068 1134 4097 saxon
1150 4067 1226 4106 poesye
1241 4055 1262 4094 in
1275 4056 1361 4103 mynde.

320 4123 354 4162 lie
361 4123 436 4171 passed
445 4123 505 4163 other
512 4132 563 4162 men
571 4123 594 4162 in
602 4123 668 4162 crafte
676 4123 699 4162 of
703 4124 809 4173 iruntyng,
819 4125 861 4164 and
869 4134 912 4162 was
923 4133 935 4162 s
948 4124 1028 4172 subtyll
1036 4123 1123 4163 meister
1132 4122 1155 4162 ol
1160 4121 1282 4170 buildynge,
1292 4120 1334 4158 and
1343 4114 1367 4157 of
1446 4115 1447 4118 ’

319 4190 379 4230 other
388 4190 476 4237 werkes,
511 4190 544 4229 lie
554 4189 632 4239 gadred
644 4190 737 4239 psalmes
755 4190 797 4229 and
811 4201 899 4239 crysons
908 4191 995 4240 togyder
1003 4191 1025 4229 in
1039 4201 1052 4229 a
1067 4190 1119 4238 tyrel
1127 4189 1188 4235 bools,
1197 4189 1239 4227 and
1253 4186 1321 4226 called
1329 4186 1366 4225 the

319 4259 376 4299 bools
385 4267 492 4307 urucas,
501 4258 547 4298 that
556 4257 574 4298 is
582 4267 609 4298 an
615 4257 757 4307 band-books,
765 4258 793 4299 be
801 4257 870 4298 badde
878 4258 925 4298 that
933 4258 988 4297 book
997 4257 1048 4298 with
1057 4257 1102 4297 him
1111 4256 1185 4305 alnay.
1212 4256 1244 4295 He
1254 4266 1296 4295 was
1302 4255 1360 4294 buta
