3212 5206
292 572 319 614 Α.
335 575 362 614 u,
378 575 444 623 reon]
713 577 892 618 ennourcou.
1321 571 1344 620 st

286 731 289 738 ’
331 712 449 777 Postea
460 710 536 791 dux,
550 708 650 776 misso
665 706 822 777 monaelto
837 699 988 798 prudenti
1004 726 1035 779 et
1050 714 1196 796 discreto,
1207 711 1306 803 'petiit
1325 739 1345 782 a

198 907 201 911 .
289 843 373 910 rege,
386 837 421 888 ut
433 845 535 887 unum
545 822 584 886 de
596 823 694 886 tribus
704 823 834 909 eligeret
846 851 855 902 ;
871 838 926 887 aut
942 837 976 888 ut
985 824 1045 888 sibi
1059 824 1212 911 Anglianr
1222 825 1340 891 ‘redte-

288 948 337 1000 ret
359 948 391 1000 et
412 955 550 998 serorem
576 955 665 998 suant
681 914 820 1012 duceret,
845 946 901 997 aut
919 955 1010 1020 papae
1031 933 1190 1020 judicium
1210 935 1339 1002 subiret.

291 1046 436 1112 Quorum
460 1043 585 1108 nullum
600 1044 629 1107 ei
642 1042 770 1129 placuit.

328 1154 408 1220 Post
421 1155 492 1232 hoc,
509 1154 576 1219 dux
599 1175 672 1219 cum
696 1153 810 1238 viginti
836 1151 990 1216 militibus
1012 1155 1174 1239 processit,
1201 1168 1237 1219 ut
1263 1177 1337 1220 cunr

284 1287 359 1352 rege
374 1266 566 1350 loqueretur,
583 1265 787 1350 sequentibus
810 1263 872 1327 illis
899 1270 1029 1328 centum
1050 1257 1203 1329 militibus
1228 1265 1337 1330 oculos

284 1377 474 1443 habentibus
486 1398 580 1462 super
595 1375 665 1441 illos
680 1376 802 1462 viginti,
819 1374 906 1439 mille
921 1398 997 1439 vero
1012 1375 1073 1440 illis
1096 1389 1226 1441 eentum
1241 1377 1339 1441 simili

283 1487 380 1552 modo
395 1489 611 1575 sequentibus
627 1509 668 1551 ex
680 1485 855 1551 abundanti
870 1485 1004 1550 cautela.
1052 1485 1158 1549 Gurth
1181 1508 1256 1551 vero
1275 1509 1342 1550 non

283 1600 440 1664 sustinens
466 1621 521 1663 eos
547 1598 694 1682 colloqui,
721 1596 883 1662 mandavit
915 1595 992 1659 duci
1016 1596 1101 1680 quod
1124 1618 1185 1682 per
1206 1597 1341 1662 nuncios

281 1689 473 1795 significaret
486 1709 554 1792 regi
569 1707 765 1772 voluntatem
789 1727 890 1770 suam.
937 1704 1005 1781 Qui
1029 1719 1106 1770 tunc
1131 1706 1329 1792 obtulitregi

280 1833 379 1884 totam
395 1832 518 1904 partem
544 1819 670 1904 Angliae
686 1839 756 1900 qrrae
771 1828 820 1879 est
842 1827 928 1878 trans
948 1815 1131 1879 Humbrum
1158 1833 1191 1880 et
1223 1815 1332 1880 Gurth

279 1930 495 1997 haereditatem
525 1931 623 2016 patris
651 1927 823 2020 Godwini3
857 1925 1055 1990 denuncians
1094 1926 1210 2011 Anglis
1250 1922 1339 2014 quod

277 2064 389 2108 omnes
418 2041 597 2128 complices,
629 2041 777 2116 fautores
801 2051 834 2102 et
865 2037 1025 2123 adjutores
1059 2036 1190 2102 Haraldi
1220 2035 1344 2102 essent

275 2133 552 2218 exeommunicati.
611 2152 718 2216 Gurth
734 2165 803 2216 tum
829 2173 940 2215 omnes
964 2151 1133 2226 animabat,
1160 2149 1330 2214 ostendens

274 2264 358 2329 maln
387 2279 420 2329 et
446 2263 717 2330 exhaeredationes
745 2285 820 2357 quta
843 2274 1061 2345 sequerentur,
1074 2261 1100 2324 si
1124 2261 1204 2325 vieti.
1225 2261 1330 2324 forent

268 2375 368 2461 Angli
383 2399 391 2451 3
405 2375 460 2440 ‘ita
486 2375 573 2460 quod
596 2374 651 2452 illi,
669 2374 724 2459 qui
739 2395 853 2461 pacem
875 2386 969 2438 antea
995 2384 1206 2458 captaverant,
1235 2371 1334 2435 modo

272 2484 529 2550 bellandi‘animo
545 2474 723 2551 aestuarent.

312 2593 391 2658 Dux
417 2593 612 2659 tandemsed
639 2594 866 2658 suos'rever-sus
892 2607 957 2670 est;
990 2607 1022 2658 et
1047 2617 1157 2658 omnes
1181 2595 1230 2658 sui
1257 2615 1332 2658 curn

271 2703 441 2769 devotione
462 2705 661 2790 jejunabant,
677 2685 859 2790 vigilabant,
876 2706 1016 2782 orabant,
1034 2719 1065 2770 et
1080 2707 1124 2768 ita
1137 2705 1223 2769 diem
1239 2705 1325 2768 illam

271 2828 304 2878 et
319 2827 447 2879 noctem
462 2814 632 2878 ducebant.
682 2815 782 2900 Angli
802 2838 820 2878 e
841 2815 1007 2891 contrario,
1025 2815 1268 2900 cibis,“'potibuS,
1290 2830 1324 2880 et

202 2923 203 2926 ’
267 2924 355 3014 jocis
380 2938 445 2989 tota
475 2937 568 2988 nocte
595 2927 757 2990 vacabant.
818 2907 1327 3014 Faetaautemtlie,‹b1x,post

183 3060 187 3068 ·
272 3027 416 3092 divinum
433 3027 581 3102 officium,
598 3030 694 3114 coepit
718 3045 821 3116 grates
847 3029 977 3094 reddere
992 3032 1066 3108 suis,
1083 3033 1227 3115 quicum
1253 3033 1321 3116 ipso

266 3152 430 3216 venerant,
455 3152 488 3203 et
503 3139 654 3204 animavit
669 3161 722 3203 eos
735 3153 847 3203 eontra
858 3139 992 3225 Anglos,
1003 3139 1196 3204 detrahensll
1206 3140 1327 3227 Anglos

264 3263 296 3312 ot
306 3249 441 3313 recitans
453 3249 494 3313 ad
515 3272 624 3314 eorum
635 3249 853 3314 confruionem
865 3249 944 3314 etad
958 3271 1088 3313 suorum
1098 3252 1325 3319 animationem

264 3350 435 3424 seditiones
452 3373 529 3435 quas
553 3351 702 3428 fecerant,
720 3365 789 3414 tum
812 3350 853 3414 de
877 3350 973 3414 Dacis
997 3374 1075 3435 quos
1101 3373 1175 3422 uino,
1191 3351 1243 3415 die
1269 3372 1327 3437 per

264 3472 364 3526 totam
391 3461 542 3548 Angliam
577 3476 787 3548 peremerant,
818 3475 886 3524 tum
916 3475 949 3526 et
978 3461 1022 3525 de·
1050 3462 1261 3527 decimatione
1292 3477 1325 3528 et

260 3571 508 3637 redecimatione
520 3571 776 3637 Normannornm
790 3595 798 3646 ;
824 3585 892 3635 turn
907 3571 947 3636 de
964 3586 1064 3637 morta
1087 3571 1212 3636 Alfi-edi
1225 3573 1326 3637 fratris

262 3673 410 3746 Edwardi
426 3685 518 3770 regis,
543 3705 637 3768 quem
656 3683 843 3760 (lodwinus,
859 3696 1025 3769 postquam
1052 3707 1130 3748 cum
1142 3684 1196 3748 illo
1221 3707 1324 3758 come

261 3789 350 3866 derat
370 3807 404 3856 et
428 3793 560 3871 biberat,
576 3794 699 3878 primus
718 3794 814 3857 etiarn
830 3793 1000 3858 salutatum
1025 3795 1183 3871 osculatus
1213 3793 1326 3871 fuerat,

261 3902 345 3987 oepit
357 3915 390 3966 et
401 3902 539 3988 ligatum,
547 3903 676 3968 tradidit
691 3903 840 3978 hostibus
849 3904 921 3968 suis.
948 3905 1020 3980 Hoc
1036 3904 1131 3983 dicto,
1150 3906 1327 3990 quumdux

260 4006 390 4077 loricam
401 4035 493 4078 suam
507 4013 672 4092 induisset,
689 4016 848 4102 comperit
861 4038 1010 4081 comesse
1028 4031 1245 4094 transversam,
1271 4017 1326 4081 sed
1344 4003 1345 4006 Ἴ
1382 4040 1385 4049 ’

294 4392 306 4416 ’
320 4391 463 4444 tirparagtng,
473 4405 495 4436 or
505 4395 612 4445 decrying.
