3252 5170
368 445 428 514 116
610 421 612 426 λ
732 465 917 511 ennourcou
935 457 1043 509 servs

365 563 1423 722 wmmmnmmmffiemm.

362 731 456 814 san-r
609 785 618 828 .

412 839 485 901 811.
531 829 663 898 Carolus
687 832 859 917 imperator
876 852 988 914 pacem
1020 828 1097 893 fecit
1119 849 1194 892 cum
1215 825 1424 913 Hcmmengo

360 967 436 1032 rege
453 946 631 1022 Danorum‚
646 957 680 1008 et
694 941 827 1009 Carolus
838 919 948 1028 jubior
967 938 1113 1004 decessit.

403 1059 480 1121 812.
527 1053 655 1119 Carolus
681 1055 853 1139 imperator
872 1073 984 1138 pacem
1004 1050 1081 1113 fecit
1105 1071 1179 1112 cum
1202 1046 1319 1118 Abular
1344 1067 1422 1132 rege

366 1164 623 1240 sarracenorum,
639 1177 762 1227 etcum
780 1159 948 1226 Grimoldo
968 1158 1051 1224 duce
1073 1160 1424 1223 Beneventanorum-

359 1275 564 1360 Nicephorus
584 1275 757 1358 imperator
774 1294 794 1336 a
815 1271 962 1358 Bulgaris
982 1268 1328 1354 occiditur.—Eclipsis
1345 1266 1421 1332 solls

364 1390 448 1454 facta
462 1389 567 1453 idibus
584 1387 700 1463 Maii.†

405 1502 480 1564 813.
525 1498 658 1564 Carolus
672 1500 844 1584 imperator
861 1496 1076 1562 Hludovicum
1099 1495 1200 1560 lilium
1219 1518 1313 1559 suum
1328 1517 1417 1560 coro*

362 1622 420 1673 nat
434 1621 466 1672 et
482 1609 542 1672 sibi
557 1621 735 1673 consortem
750 1608 876 1693 imperii
890 1607 975 1670 facit.
1020 1608 1107 1671 Pons
1117 1606 1226 1669 Rheni
1240 1604 1326 1691 apud
1342 1604 1413 1670 Ma·-

362 1719 547 1804 gontiaoum
584 1717 738 1782 incendio
773 1717 987 1802 conflagravit.
1044 1714 1267 1780 Centumcella
1302 1716 1413 1781 civitas

366 1829 495 1894 Tusciae
513 1852 531 1892 a
547 1830 671 1894 Mauris
685 1840 816 1893 vastata.

409 1944 484 2004 814.
532 1940 667 2004 Carolus
678 1940 848 2023 imperator
860 1939 1051 2024 Aquisgrani
1062 1936 1208 2014 decessit,
1219 1935 1325 2021 Vllral.
1340 1937 1421 2001 Feb-

366 2050 492 2132 ruarii.‡
538 2049 741 2114 Hludovicus
767 2049 836 2134 ejus
850 2048 935 2112 filius
959 2046 1133 2111 succedens
1153 2061 1262 2132 erepta
1283 2047 1422 2131 pervim

365 2161 557 2246 patrimonia
571 2183 687 2246 magna
705 2159 894 2224 liberalitate
910 2159 1057 2223 restituit

324 2254 328 2266 ¹
408 2274 484 2336 815.
530 2270 731 2336 Hludovicus
742 2294 800 2334 rex
811 2283 844 2334 et
855 2271 1027 2356 imperator
1038 2270 1214 2333 exercitum
1226 2267 1423 2332 Francorum

365 2381 407 2445 ad
422 2381 577 2444 auxilium
594 2380 750 2444 Herioldo
766 2381 932 2444 Danorum
948 2380 1016 2464 regi
1032 2378 1201 2442 ferendum
1216 2391 1326 2442 contra
1340 2378 1424 2442 filios

368 2490 538 2556 Godofridl
551 2491 585 2555 in
594 2491 829 2556 Normanniam
839 2491 946 2556 mittit.
993 2489 1107 2554 Romae
1118 2489 1249 2573 quidam
1260 2489 1294 2552 in
1304 2510 1418 2554 necem

368 2599 487 2666 Leonis
503 2625 593 2688 papae
607 2602 828 2689 conspirantes
841 2601 1090 2665 interficiuntur.

409 2715 484 2776 816.
518 2714 695 2776 Wascones
713 2711 871 2797 gentilitia
894 2711 1022 2774 levitate
1040 2709 1088 2772 usi
1112 2709 1308 2773 defecerunt.
1353 2707 1422 2773 Leo

361 2843 444 2907 papa
469 2819 604 2885 decessit
629 2821 712 2887 VIlI
738 2820 800 2885 lral.
822 2819 973 2896 Juniitll
996 2831 1030 2882 et
1054 2817 1236 2904 Stephanus
1263 2818 1418 2883 diaconus

365 2929 514 3016 pontifex
529 2942 653 2993 erectus
675 2930 782 3015 paucis
804 2941 876 3015 post
896 2930 1129 2992 ordinationem
1146 2951 1237 2992 suam
1255 2929 1367 2992 diebus
1382 2927 1422 2992 ad

365 3054 592 3138 imperatorem
608 3053 695 3117 venit
704 3078 714 3131 3
737 3075 832 3138 aquo
848 3051 934 3138 apud
955 3051 1133 3116 Remorum
1146 3052 1307 3116 civitatem
1322 3050 1424 3116 hono·

369 3165 429 3228 fice
445 3176 613 3248 susceptus
629 3177 687 3227 est.
792 3246 794 3250 .

411 3276 485 3340 817.
530 3273 664 3359 Eclipsis
679 3272 765 3337 lunae
780 3272 860 3338 facta
881 3296 956 3338 non.
978 3273 1149 3338 Februarii.
1195 3271 1312 3339 Eadem
1330 3286 1423 3338 nocte

366 3383 458 3448 stella
472 3397 611 3447 cometes
632 3381 738 3468 gladio
754 3383 865 3447 similis
880 3385 946 3447 visa
974 3397 1031 3447 est.
1080 3383 1262 3470 Stephanus
1277 3406 1359 3469 papa
1373 3385 1424 3448 IX

366 3494 428 3558 lral.
446 3495 631 3580 Februarii§
649 3492 734 3558 diem
750 3495 847 3558 obiit:
870 3495 923 3558 cui
938 3494 1075 3558 Pascalis
1086 3496 1250 3580 presbyter
1263 3495 1421 3560 successit.

368 3601 568 3667 Hludovicus
584 3603 753 3686 imperator
777 3603 965 3668 Lotbarium
988 3604 1090 3668 filium
1110 3627 1203 3668 suum
1224 3606 1346 3670 socium
1362 3606 1423 3669 im·

368 3714 448 3800 perii
464 3712 778 3780 facit—Bernardus
795 3735 850 3778 rex
871 3714 1154 3801 Langobardorum
1177 3738 1274 3781 novas
1289 3740 1339 3782 res
1354 3739 1422 3784 mo-

370 3824 447 3926 litus
463 3846 481 3887 a
498 3824 563 3888 suis
578 3820 740 3889 deseritur.

398 4047 410 4070 ⁴*
423 4046 474 4096 July
484 4049 503 4086 9.
511 4047 553 4086 and
563 4047 618 4088 Nor,
628 4048 660 4086 ³0.
973 4049 981 4094 l
999 4049 1055 4086 June
1064 4049 1087 4087 21
1098 4049 1140 4088 and
1149 4049 1201 4088 Dec.
1213 4051 1243 4089 14.

624 4146 739 4194 trtayrs.
818 4143 932 4193 1131128.
1020 4147 1139 4196 tMayat.

831 4222 944 4268 §.tanta
