3212 5206
206 495 263 546 tta]
555 539 557 542 .
618 499 796 542 CHRONICON.
1225 500 1246 538 ll
1342 509 1344 515 ·

209 648 285 714 tem,
310 636 406 701 simul
427 648 460 701 et
474 637 728 724 populositatem,
752 637 937 704 universalis
952 637 1124 704 Britannia
1137 638 1266 724 regibus

205 761 237 812 et
252 749 358 835 regnis
369 749 527 814 dominari
541 749 692 816 solebant.
739 749 780 814 In
797 751 857 816 hac
870 751 978 836 itaque
994 749 1156 836 provincia
1179 749 1266 814 Cau·

208 860 261 924 tiae
294 860 549 947 archiepiscopus
582 861 828 927 Cantuariorum
860 876 893 927 et
914 863 1081 949 episcopus
1104 861 1264 926 Rollensis

201 982 298 1050 sunt3
326 985 359 1035 et
373 971 418 1036 sic
433 993 522 1058 reges
541 973 771 1058 provinciarum
793 973 975 1052 Britanniae,
991 973 1187 1060 temporibus
1206 995 1263 1059 pa·

206 1082 296 1158 catis,
319 1103 432 1169 regum
455 1083 574 1148 Cantiae
611 1083 783 1149 ditionibus
805 1085 970 1170 parebant.
1022 1083 1075 1150 Sic
1107 1105 1256 1174 processu

205 1193 356 1278 temporis
382 1193 599 1260 Ecclesiamm
612 1194 752 1281 praelati*
770 1195 1015 1262 Cantuariorum
1031 1195 1260 1282 archiepiscopi

203 1303 317 1368 ditioni
344 1306 507 1389 parebant.
553 1307 703 1372 Cantiani
728 1308 881 1394 primores
896 1310 935 1372 ab
950 1307 1083 1393 antiquo
1106 1308 1256 1400 obtinent

201 1414 286 1479 acies
301 1416 335 1479 in
356 1415 527 1504 Anglicani
542 1418 699 1484 exercitus
715 1419 946 1506 expeditionali
994 1419 1265 1504 Archiepiscopns

204 1525 281 1590 item
316 1539 349 1590 et
380 1525 524 1592 Ecclesia
558 1528 803 1594 cantuariorum
839 1530 880 1593 ab
918 1529 1058 1594 adventu
1087 1528 1262 1615 Augustini

203 1659 261 1724 per
292 1649 392 1704 totam
422 1638 573 1726 Anglitam
603 1640 750 1705 obtinent
782 1640 954 1724 primatum
994 1642 1030 1705 in
1072 1639 1261 1726 Anglioanae

202 1750 344 1816 ecclesiae
361 1751 610 1838 gubematione3
627 1765 659 1816 et
673 1753 734 1816 hoc
746 1775 787 1817 ex
801 1752 1001 1816 institutione
1012 1751 1097 1817 beati
1112 1750 1262 1836 Gregorii

200 1860 340 1948 episcopi
377 1874 409 1926 et
438 1861 566 1948 gloriosi
601 1864 685 1946 regis
727 1861 915 1940 Ethelberti‚
949 1863 1006 1952 qui
1050 1884 1090 1927 ex
1130 1863 1264 1950 regibus

203 1971 348 2058 Anglicis
377 1972 499 2058 primus
522 1972 791 2038 christianitatem
806 1973 954 2057 suscepit.

385 2105 439 2170 Ds
464 2126 645 2170 uourumns
666 2125 783 2170 maura
804 2125 1058 2173 onurrauouuu.

246 2239 345 2306 Nunc
367 2255 476 2306 autem
497 2241 538 2307 de
560 2241 743 2306 nominibus
761 2263 875 2327 regum
897 2241 1070 2306 dicendum
1101 2254 1159 2320 est,
1182 2264 1259 2309 cum

201 2351 362 2437 aliquibus
406 2374 517 2417 eornm
550 2353 640 2418 iactis
671 2353 779 2439 digne,
811 2353 867 2418 sed
899 2355 997 2436 brevi,
1032 2355 1262 2420 memorandis.

201 2465 251 2527 Ac
273 2463 377 2548 primo
401 2464 441 2530 de
456 2465 621 2531 (luntianis
636 2465 763 2552 regibus
793 2478 921 2550 propter
936 2489 1048 2531 eorum
1074 2466 1257 2532 eminentiae

200 2576 440 2663 praerogativam
462 2571 636 2641 dicendum
658 2588 715 2642 est.
761 2575 889 2643 Primus
920 2578 1026 2665 igitur,
1050 2601 1090 2642 ex
1122 2579 1259 2644 Saxoni-

201 2683 272 2767 bus,
297 2687 545 2753 Cantuariorum
567 2710 625 2752 rex
647 2687 708 2752 fuir

243 2797 272 2863 I.
305 2797 493 2885 Hengistus,
525 2799 580 2884 qui
609 2820 684 2864 cum
714 2798 809 2864 fratre
832 2822 900 2876 suo,
927 2800 1034 2864 Horso
1057 2800 1199 2880 nomine,
1224 2811 1260 2866 ct

196 2908 292 2974 sociis
314 2907 458 2996 pluribus
478 2931 497 2974 a
514 2931 589 2996 rege
601 2907 793 2996 Vortigerno
815 2909 849 2974 in
871 2909 1070 2975 Britanniam
1090 2911 1252 2989 invitatus,

198 3044 239 3086 ex
281 3020 368 3086 dono
407 3020 505 3107 regio,
544 3020 649 3107 primo
686 3021 827 3091 Tanatus
861 3021 1007 3100 insulam,
1037 3037 1071 3089 et
1106 3022 1233 3100 deinde,

194 3155 297 3220 quum
329 3155 394 3197 suae
423 3133 578 3219 probitate
609 3132 731 3198 militiae
771 3155 879 3220 regem
909 3157 928 3198 a
963 3133 1066 3200 Sectis
1104 3147 1137 3200 et
1169 3134 1243 3200 Pic-

195 3244 236 3309 tis
268 3257 481 3332 protegerent,
497 3244 678 3332 propulsato
700 3245 838 3331 quodam
860 3245 971 3332 regulo
1000 3248 1168 3334 Sworongs
1187 3269 1246 3312 no-

191 3356 288 3432 mine,
313 3369 413 3420 totam
437 3356 582 3421 (lantiam
620 3366 832 3442 susceperunt
862 3355 1056 3442 regendam3
1083 3357 1241 3442 filiamque

197 3487 288 3532 auam
303 3464 496 3553 Vortigerno
511 3466 600 3530 dedit
614 3465 684 3552 lege
700 3467 894 3531 matrimonii
908 3466 1131 3552 copulandam.
1149 3467 1248 3533 Erant

194 3589 303 3641 autem
317 3576 369 3641 isti
383 3576 439 3641 filii
448 3575 592 3660 Witilgli,
602 3576 693 3662 cujus
702 3587 792 3662 pater
804 3575 916 3654 Wiota,
932 3579 1023 3663 cujus
1039 3591 1129 3664 pater
1138 3575 1256 3658 Wetta,

193 3689 286 3774 cujus
300 3700 390 3775 pater
401 3687 536 3753 Woden.
560 3689 611 3753 De
621 3688 712 3774 cujus
732 3687 828 3776 stirpe
840 3689 1013 3754 multarum
1021 3679 1253 3778 provinciarum

194 3800 319 3886 regium
330 3821 433 3886 genus
442 3799 597 3888 originem
611 3798 710 3864 duxit.
733 3798 929 3866 Confirmato
947 3814 1053 3867 autem
1074 3803 1109 3867 in
1131 3802 1248 3868 Cantia

218 4074 231 4097 ἢ
241 4074 254 4095 “
262 4071 348 4111 Prtelati
361 4070 457 4110 ecelesia
475 4072 585 4117 vocantur,
598 4071 678 4112 nedum
687 4070 812 4120 superiores,
822 4072 847 4108 ut
861 4070 963 4118 episcopt,
973 4071 1011 4110 sed
1026 4072 1091 4111 etiam
1105 4072 1225 4120 inferiores,
1233 4071 1258 4112 nt

191 4145 341 4193 archidiaconi,
354 4144 580 4195 presbytertplebant,
589 4144 874 4186 ctreetoreaeccleslarum.”
900 4146 1034 4186 Sunnuau’r
1050 4157 1127 4187 onoss.

218 4216 228 4261 t
243 4213 295 4254 This
303 4212 405 4262 privilege
412 4212 436 4251 of
441 4211 534 4260 forming
540 4211 577 4250 the
586 4223 629 4251 van
635 4213 659 4252 of
663 4213 700 4252 the
715 4211 804 4261 English
811 4212 895 4260 armies,
905 4223 949 4252 was
957 4214 1052 4253 auertad
1061 4215 1090 4274 bv
1098 4215 1135 4255 tus
1144 4213 1243 4258 Kentlrb

191 4297 241 4327 man
256 4288 290 4328 tor
301 4297 367 4336 many
379 4287 493 4336 centurias,
502 4284 538 4328 tlte
547 4286 617 4337 origin
631 4287 732 4328 ofwhich
741 4295 772 4326 we
780 4286 827 4326 stud
835 4288 887 4328 here
899 4287 1022 4336 explained.
