3212 5206
223 572 249 612 A.
264 572 290 611 D.
307 569 431 617 lOBl-ll⁰⁰.]
694 566 872 608 CHRONICON.
1252 567 1276 606 03

225 729 354 805 obsessi,
370 750 389 793 a
404 749 478 814 rege
494 723 656 791 Willelmo
672 727 775 810 quiin
791 725 909 812 Anglia
934 736 1011 802 erat,
1027 723 1183 789 auxilium
1206 746 1277 811 pos-

222 839 412 904 tulaverunt.
469 836 596 912 Quibus
622 835 737 900 auditis
752 836 939 911 rumoribus,
954 855 1013 899 rex
1027 858 1101 900 cum
1115 857 1232 922 magna
1246 849 1280 902 et

225 949 371 1014 miranda
394 947 594 1013 festinatione
608 946 669 1012 illis
684 946 840 1022 subvenit,
856 959 889 1010 et
904 945 1013 1031 fugato
1029 927 1110 1023 Elia,
1126 945 1236 1012 domos
1247 960 1281 1013 et

225 1059 436 1145 possessiones
458 1057 738 1123 cenomannorum
766 1056 857 1134 dedit
869 1057 1075 1134 Normannis,
1092 1058 1146 1142 qui
1162 1058 1282 1123 obsessi

21 1239 22 1247 ,
123 1201 125 1206 ·
228 1184 319 1235 erant
334 1169 367 1233 in
383 1170 486 1246 turri3
509 1180 543 1234 et
565 1167 725 1253 quoddam
751 1181 889 1233 castrum
913 1168 1012 1254 ipsius
1029 1167 1111 1234 Eliae
1133 1167 1258 1233 obsedit
1271 1194 1281 1247 ;

227 1281 282 1345 ubi
296 1301 354 1366 per
374 1278 483 1343 dolum
498 1291 533 1343 et
547 1277 691 1342 fraudem
703 1278 798 1342 unius
813 1276 922 1342 militis
933 1277 1061 1364 proprii,
1084 1277 1137 1362 qui
1163 1279 1284 1344 exerci-

229 1404 299 1455 tum
328 1411 421 1454 suum
447 1388 555 1453 dolose
582 1387 760 1474 perterruit,
789 1409 899 1473 regem
920 1386 996 1452 inde
1022 1388 1171 1453 recedere
1199 1389 1283 1454 fecit.

233 1497 331 1573 Unde
366 1497 563 1562 Cenomanni
599 1496 736 1560 multum
762 1485 924 1573 consolati,
958 1495 1155 1562 Normanuis
1173 1498 1287 1563 fortius

231 1611 425 1685 restiterunt,
441 1623 473 1673 et
487 1609 568 1673 vires
582 1620 828 1694 resumpserunt
862 1605 1040 1673 Normanni
1061 1619 1168 1672 tamen
1181 1607 1286 1674 Eliam
1329 1585 1331 1593 ,

234 1720 349 1785 acriter
367 1719 596 1804 impugnantes,
609 1717 713 1804 ipsum
730 1716 860 1781 tandem
875 1729 1038 1802 ceperunt,
1054 1729 1202 1782 etcoram
1213 1740 1287 1803 rege

231 1828 457 1915 perduxerunt.
505 1826 572 1901 Qui
595 1849 693 1910 quum
715 1824 887 1912 Rotomagi
908 1825 1114 1891 missusesset
1129 1827 1163 1891 in
1185 1849 1288 1893 caroe-

232 1961 310 2014 rem,
334 1935 517 2002 custodibus
537 1929 602 2000 suis
616 1936 661 2000 ita
685 1935 837 2020 loquutus
861 1947 919 2004 est:
955 1943 977 1974 ‘⁶
993 1937 1082 2002 Bene
1098 1951 1131 2001 et
1154 1937 1288 2002 honeste

237 2071 289 2112 me
315 2045 508 2124 custodiatis,
528 2046 609 2109 sicut
623 2043 716 2110 decet
730 2046 833 2109 virum
856 2043 996 2109 nobilem
1011 2046 1177 2123 custodiri;
1205 2047 1291 2111 lutu-

238 2180 311 2222 rum
326 2170 374 2222 est
389 2155 484 2232 enim,
500 2154 575 2219 licet
601 2153 697 2218 modo
727 2155 785 2217 sim
807 2169 924 2240 captus,
951 2169 985 2219 ut
1006 2157 1074 2242 regi
1096 2157 1291 2222 reconcilier.

239 2267 313 2332 Hoc
338 2267 435 2331 etiam
450 2265 537 2330 vobis
551 2265 634 2342 dico,
655 2265 740 2349 quod
755 2265 816 2328 nisi
830 2265 924 2329 eitius
945 2278 1055 2353 captus
1069 2289 1181 2346 essem,
1197 2268 1293 2332 mini·

240 2401 329 2443 mum
351 2376 480 2461 quidem
492 2375 543 2441 vel
557 2375 638 2439 nihil
652 2377 686 2440 in
701 2376 841 2460 partibus
851 2377 918 2440 istis
932 2377 1000 2463 regi
1023 2377 1244 2444 dimisissem.”

297 2490 380 2556 Quae
409 2509 484 2553 vero
512 2501 679 2574 postquam
711 2487 779 2574 regi
802 2489 987 2553 renunciata
1010 2502 1095 2566 sunt,
1120 2489 1195 2555 lecit
1220 2513 1295 2556 eum

242 2602 348 2666 statim
360 2623 379 2664 a
389 2620 513 2664 carcere
524 2597 658 2673 liberari,
669 2612 702 2661 et
716 2596 852 2661 liberum
863 2619 1020 2662 recessum
1031 2599 1156 2678 habere,
1167 2601 1246 2666 daus
1265 2603 1296 2666 ei

241 2722 431 2799 potestatem
450 2707 548 2772 eundi
572 2729 637 2793 quo
660 2705 764 2784 vellet,
780 2704 890 2770 dicens
910 2709 940 2772 ei
964 2720 1000 2771 ut
1014 2707 1090 2772 alias
1104 2709 1217 2774 melius
1237 2711 1297 2775 eibi

243 2819 446 2906 provideret3
462 2839 591 2882 securus
616 2838 674 2901 pro
697 2827 783 2881 certo
808 2816 903 2901 quod,
930 2817 957 2881 si
983 2817 1101 2884 iterum
1115 2835 1296 2906 caperetur,

246 2941 399 3017 perpetuo
410 2929 527 2994 carceri
539 2927 724 2993 traderetur.

289 3042 441 3126 Denique
455 3043 516 3106 isto
530 3063 604 3127 rege
621 3052 783 3126 regnante,
800 3041 891 3127 plura
906 3043 1006 3108 tristia
1020 3043 1215 3122 acciderunt,
1225 3068 1298 3130 quae
1312 3093 1314 3100 ·

248 3153 409 3238 sigillatim
434 3151 611 3215 secundum
626 3153 845 3216 chronicorum
862 3153 1028 3217 veritatem
1057 3155 1296 3219 enarrabimus:

249 3261 388 3328 secundo
398 3284 483 3326 anno
498 3261 588 3346 regni
603 3263 671 3346 ejus
686 3269 778 3325 terrae
788 3263 1014 3348 motusingens
1035 3274 1133 3327 totam
1148 3263 1299 3350 Angliam

245 3373 409 3452 exterruit,
425 3373 517 3436 tertia
533 3371 610 3436 Idus
627 3372 775 3457 Augusti.
791 3370 914 3446 Quarto
930 3395 1014 3436 anno
1026 3373 1181 3439 tumultus
1195 3373 1300 3458 fulgu-

250 3507 332 3561 rum,
345 3495 449 3548 motus
458 3483 623 3546 turbinum
635 3482 791 3557 immanis,
803 3481 904 3546 multa
918 3503 975 3567 per
991 3483 1143 3570 Angliam
1158 3499 1302 3549 evertens

254 3593 414 3659 domicilia
437 3605 470 3656 et
486 3593 642 3678 praecipue
659 3591 692 3655 in
708 3591 877 3655 Londonia
891 3592 946 3657 ubi
960 3591 1127 3680 plusquam
1144 3610 1307 3660 sexcentas

252 3705 364 3770 domos
378 3703 513 3788 effregit,
529 3717 562 3767 et
576 3702 637 3766 hoc
653 3701 757 3766 XVIo
774 3702 849 3766 Kal.
866 3701 1068 3769 Novembris.
1109 3703 1234 3779 Quinto
1249 3729 1306 3770 an-

252 3836 296 3879 no
311 3813 422 3878 eadem
438 3812 589 3876 violentia
606 3811 748 3877 fulminis
763 3812 849 3899 apud
863 3812 1065 3907 Salisburiam
1080 3828 1200 3880 tectum
1211 3818 1305 3880 turris
1348 3887 1352 3892 ,
1387 3889 1388 3893 ¹

251 3923 390 3990 eeclesiae
401 3921 533 3986 omnino
547 3921 674 4006 dejecit.
722 3921 819 3987 Sexto
835 3945 920 3986 anno
932 3937 1057 3988 tantum
1069 3925 1245 4010 pluviarum
1257 3926 1308 3989 di-

251 4035 375 4099 luvium
390 4032 459 4125 fuit,
471 4043 626 4115 quantum
641 4031 748 4097 nullus
762 4046 836 4097 ante
849 4035 1055 4110 memineram
1080 4049 1112 4099 et
1128 4058 1202 4099 mox
1218 4058 1307 4100 acce·

255 4146 352 4211 dente
368 4144 484 4232 hyeme
500 4143 587 4209 fluvii
604 4145 648 4208 ita
662 4157 738 4208 sunt
752 4143 919 4230 congelati,
936 4159 971 4208 ut
984 4159 1089 4209 essent
1104 4147 1204 4232 pervii
1219 4147 1308 4229 equi-

256 4247 396 4312 tantibus
419 4259 452 4310 et
474 4245 612 4333 plaustra
634 4245 832 4310 ducentibus
895 4246 1040 4333 Septimo
1066 4269 1150 4312 auno
1179 4263 1309 4332 propter

257 4359 386 4436 tributa,
399 4377 470 4442 quae
489 4378 545 4421 rex
557 4356 591 4421 iu
605 4354 803 4423 Normaunia
815 4355 967 4433 edixerat,
980 4357 1169 4442 agricultura
1195 4356 1310 4422 defecit
