3252 5170
627 541 840 586 nouorunusn.
1204 526 1264 586 ill

210 714 284 786 post
306 701 446 767 reditum
472 703 601 789 Pippini
625 705 659 771 in
686 704 853 771 Franciam
868 705 901 768 in
923 704 1093 768 venatione
1118 703 1263 788 quadam,

207 835 294 898 equo
308 814 426 879 cadens
441 827 585 880 mortuus
600 831 657 882 est.

252 926 326 992 757.
373 923 602 992 Constantinus
626 927 798 1014 imperator
818 927 958 1016 Pippino
982 929 1050 1014 regi
1118 930 1264 1010 11011111

208 1055 355 1117 munera,
370 1049 404 1102 et
418 1037 514 1104 etiam
530 1060 686 1124 organum
700 1039 814 1104 mittit.¹

252 1148 329 1212 760.
373 1146 483 1213 Prima
497 1149 659 1233 expeditio
675 1173 701 1214 a
728 1149 864 1236 Pippino
888 1149 970 1215 facta
994 1150 1029 1214 in
1056 1149 1263 1234 Aquitaniam

207 1267 320 1322 contra
334 1256 522 1322 Waifarium
537 1258 662 1326 ducem.

252 1368 327 1432 761.
373 1368 524 1434 Secunda
538 1370 700 1454 expeditio
716 1372 751 1434 in
765 1371 981 1454 Aquitaniam.

254 1477 329 1544 762.
374 1476 485 1544 Tertia
499 1479 533 1544 in
548 1481 764 1564 Aquitaniam.

253 1586 327 1652 764.
374 1588 489 1653 Hiems
504 1589 608 1653 valida
622 1589 784 1675 etsspracter
799 1589 925 1655 solitum
940 1589 1074 1674 prolixa.

252 1699 327 1764 765.
375 1697 520 1786 Corpora
538 1712 720 1765 sanctorum
741 1699 907 1784 Gargonii,
924 1699 1062 1764 Nabaris
1083 1710 1117 1763 et
1134 1695 1281 1762 Nazarii·

211 1805 256 1874 dc
272 1805 377 1872 Roma
391 1807 426 1872 in
441 1807 605 1874 Franciam
623 1809 772 1874 translata
786 1823 870 1873 sunt

255 1920 328 1983 767.
374 1915 548 1983 Lemovica
562 1919 672 1983 civitas
689 1920 871 2002 Aquitaniae
886 1942 905 1983 a
919 1919 1057 2004 Pippino
1076 1931 1176 2005 capta

254 2028 328 2094 768.
374 2027 541 2093 Waifarius
561 2029 629 2094 dux
650 2051 669 2094 a
685 2031 751 2095 suis
770 2029 964 2107 interfectus,
979 2041 1013 2095 et
1030 2028 1186 2115 Pippinus
1205 2049 1263 2094 rex

209 2137 299 2224 apud
313 2138 449 2204 Parisios
470 2139 615 2205 decessit.

254 2248 328 2312 Filii
343 2251 411 2335 ejus
426 2250 538 2315 Oarlus
552 2264 586 2315 ct
597 2252 828 2319 carlomannus
843 2251 958 2317 infulas
969 2251 1061 2338 regni
1074 2250 1262 2336 suscipiunt.

254 2360 328 2426 770.
345 2358 441 2426 Berta
456 2359 583 2448 Regina
597 2361 696 2426 filiam
711 2362 869 2428 Desiderii
882 2363 966 2448 regis
981 2359 1264 2446 Langobardorum

212 2469 308 2535 Cario
322 2469 389 2535 filio
403 2482 461 2535 suo
476 2472 625 2558 conjugio
639 2471 822 2560 sociandam
837 2471 877 2536 de
893 2471 986 2536 Italia
1001 2471 1146 2536 adduxit.

255 2584 328 2651 771.
374 2583 583 2650 Carlomanus
613 2607 670 2650 rex
694 2585 831 2650 decessit
860 2585 896 2650 ΙΙ
918 2607 1018 2650 nonas
1044 2584 1262 2650 Decembris*

213 2675 305 2758 Uxor
319 2695 388 2779 ejus
401 2715 440 2758 ac
453 2694 511 2758 filii
526 2694 561 2758 in
575 2693 700 2761 Italiam
715 2709 862 2781 pergunt.

254 2803 329 2870 772.
372 2803 485 2868 Carlus
502 2805 675 2869 Saxoniam
690 2805 774 2870 bello
789 2827 953 2892 aggressus
966 2804 1182 2891 Eresburgum
1197 2823 1265 2868 cas·

208 2917 296 2977 trum
322 2913 415 2999 capit,
431 2926 465 2978 et
478 2913 600 2979 idolum
617 2914 792 2994 Saxonum,
807 2916 894 3002 quod
909 2914 1063 2981 Irminsul
1083 2913 1263 2990 vocabatur,

207 3022 563 3108 destruit-Adrianns
580 3027 692 3092 Roman
705 3027 926 3112 pontificatum
942 3025 1089 3110 suscepit

128 3131 131 3138 ⁴
255 3135 334 3209 773.
376 3135 487 3202 Carlus
501 3135 599 3201 ducto
621 3136 655 3200 in
678 3136 803 3202 Italiam
823 3137 964 3202 exercitu
983 3135 1096 3201 urbem
1116 3135 1262 3199 Ticinum

213 3243 360 3322 obsedit3
385 3255 419 3309 et
432 3243 508 3309 inde
523 3245 674 3312 orandi...
693 3245 834 3311 Romam
847 3245 943 3311 vadit

255 3355 328 3421 774.
373 3355 520 3420 Ticinum
535 3378 554 3420 a
571 3353 667 3420 01110
687 3368 828 3442 captum,
843 3368 876 3420 et
897 3355 1083 3421 Desiderius
1103 3375 1160 3418 rex
1178 3352 1264 3417 Lan-

209 3465 427 3553 gobardorum
441 3466 475 3531 in
492 3465 659 3532 Franciam
674 3466 799 3534 ductus.
844 3465 1014 3552 adalgisus
1035 3465 1131 3552 filius·
1138 3467 1207 3552 ejus
1222 3463 1274 3528 ad'

210 3575 522 3663 &montinopolim
535 3576 628 3663 sugit.

253 3686 393 3753 Saxones
407 3689 441 3752 in
458 3689 568 3754 Hessis
584 3689 780 3755 Francorum
796 3689 948 3755 terminos
962 3701 1095 3754 vastant

256 3798 331 3864 775.
375 3797 487 3866 Caelus
503 3797 666 3865 Saxonum
681 3799 848 3885 perfidiam
862 3799 948 3864 ultus
963 3821 1074 3864 omnes
1088 3819 1199 3863 eorum
1214 3818 1263 3860 re·

207 3906 324 3993 gisnes
337 3905 469 3974 ferrost
483 3909 552 3993 igni
565 3909 788 3996 depopulatur.

256 4017 470 4106 Ruotgaudus
485 4019 714 4108 Langobardus
729 4021 830 4088 Italiae
844 4044 982 4108 regnum
996 4021 1131 4086 affectat

237 4292 248 4339 11
264 4291 310 4333 The
321 4291 366 4334 MS.
376 4291 574 4334 uueredeteruve.
717 4345 756 4408 15
