<?xml version="1.0" encoding="UTF-8"?>
<!DOCTYPE html PUBLIC "-//W3C//DTD XHTML 1.0 Transitional//EN"
    "http://www.w3.org/TR/xhtml1/DTD/xhtml1-transitional.dtd">
<html xmlns="http://www.w3.org/1999/xhtml" xml:lang="en" lang="en">
 <head>
  <title>
</title>
<meta http-equiv="Content-Type" content="text/html;charset=utf-8" />
  <meta name='ocr-system' content='tesseract 3.04.00' />
  <meta name='ocr-capabilities' content='ocr_page ocr_carea ocr_par ocr_line ocrx_word'/>
</head>
<body>
  <div class='ocr_page' id='page_1' title='image "./chroniconhenric01henrgoog_0092.png"; bbox 0 0 3252 5170; ppageno 0'>
   <div class='ocr_carea' id='block_1_1' title="bbox 213 505 1263 558">
    <p class='ocr_par' dir='ltr' id='par_1_1' title="bbox 213 505 1263 558">
     <span class='ocr_line' id='line_1_1' title="bbox 213 505 1263 558; baseline -0.008 -6"><span class='ocrx_word' id='word_1_1' title='bbox 213 513 239 552; x_wconf 78' lang='grc' dir='ltr'><strong>Α.</strong></span> <span class='ocrx_word' id='word_1_2' title='bbox 254 510 282 551; x_wconf 88' lang='lat' dir='ltr'><strong>D.</strong></span> <span class='ocrx_word' id='word_1_3' title='bbox 305 509 430 558; x_wconf 66' lang='lat' dir='ltr'><strong>noenta]</strong></span> <span class='ocrx_word' id='word_1_4' title='bbox 701 507 880 548; x_wconf 80' lang='lat' dir='ltr'>CHRONICON.</span> <span class='ocrx_word' id='word_1_5' title='bbox 1238 505 1263 546; x_wconf 84' lang='grc'><strong>87</strong></span> 
     </span>
    </p>
   </div>
   <div class='ocr_carea' id='block_1_2' title="bbox 212 643 1269 2500">
    <p class='ocr_par' dir='ltr' id='par_1_2' title="bbox 212 643 1269 2500">
     <span class='ocr_line' id='line_1_2' title="bbox 213 643 1263 733; baseline -0.009 -17"><span class='ocrx_word' id='word_1_6' title='bbox 213 651 274 716; x_wconf 91' lang='lat' dir='ltr'><strong>sibi</strong></span> <span class='ocrx_word' id='word_1_7' title='bbox 290 649 512 723; x_wconf 84' lang='lat' dir='ltr'><strong>vindicaverat,</strong></span> <span class='ocrx_word' id='word_1_8' title='bbox 529 645 711 733; x_wconf 88' lang='lat' dir='ltr'><strong>intelligens</strong></span> <span class='ocrx_word' id='word_1_9' title='bbox 725 648 776 730; x_wconf 70' lang='lat' dir='ltr'><strong>(ut</strong></span> <span class='ocrx_word' id='word_1_10' title='bbox 791 644 931 728; x_wconf 80' lang='lat' dir='ltr'><strong>dicebat)</strong></span> <span class='ocrx_word' id='word_1_11' title='bbox 947 643 1032 729; x_wconf 92' lang='lat' dir='ltr'><strong>quod</strong></span> <span class='ocrx_word' id='word_1_12' title='bbox 1048 667 1145 729; x_wconf 91' lang='lat' dir='ltr'><strong>quum</strong></span> <span class='ocrx_word' id='word_1_13' title='bbox 1163 645 1263 708; x_wconf 89' lang='lat' dir='ltr'><strong>tribu-</strong></span> 
     </span>
     <span class='ocr_line' id='line_1_3' title="bbox 213 756 1264 843; baseline -0.007 -16"><span class='ocrx_word' id='word_1_14' title='bbox 213 777 283 827; x_wconf 89' lang='lat' dir='ltr'><strong>tum</strong></span> <span class='ocrx_word' id='word_1_15' title='bbox 300 761 396 826; x_wconf 91' lang='lat' dir='ltr'><strong>trium</strong></span> <span class='ocrx_word' id='word_1_16' title='bbox 411 760 546 824; x_wconf 90' lang='lat' dir='ltr'><strong>millium</strong></span> <span class='ocrx_word' id='word_1_17' title='bbox 563 781 737 824; x_wconf 90' lang='lat' dir='ltr'><strong>marcarum</strong></span> <span class='ocrx_word' id='word_1_18' title='bbox 754 758 897 843; x_wconf 92' lang='lat' dir='ltr'><strong>quietum</strong></span> <span class='ocrx_word' id='word_1_19' title='bbox 914 757 1083 822; x_wconf 90' lang='lat' dir='ltr'><strong>clamatum</strong></span> <span class='ocrx_word' id='word_1_20' title='bbox 1109 756 1264 821; x_wconf 90' lang='lat' dir='ltr'><strong>reddidis-</strong></span> 
     </span>
     <span class='ocr_line' id='line_1_4' title="bbox 213 868 1265 959; baseline -0.006 -21"><span class='ocrx_word' id='word_1_21' title='bbox 213 888 270 950; x_wconf 86' lang='lat' dir='ltr'>set,</span> <span class='ocrx_word' id='word_1_22' title='bbox 287 874 353 938; x_wconf 86' lang='lat' dir='ltr'><strong>dux</strong></span> <span class='ocrx_word' id='word_1_23' title='bbox 368 873 534 959; x_wconf 87' lang='lat' dir='ltr'><strong>praedictas</strong></span> <span class='ocrx_word' id='word_1_24' title='bbox 550 886 655 947; x_wconf 89' lang='lat' dir='ltr'><strong>terras,</strong></span> <span class='ocrx_word' id='word_1_25' title='bbox 685 870 933 935; x_wconf 89' lang='lat' dir='ltr'><strong>Constantinum</strong></span> <span class='ocrx_word' id='word_1_26' title='bbox 948 869 1097 933; x_wconf 89' lang='lat' dir='ltr'><strong>videlicet</strong></span> <span class='ocrx_word' id='word_1_27' title='bbox 1124 883 1157 933; x_wconf 93' lang='lat' dir='ltr'><strong>et</strong></span> <span class='ocrx_word' id='word_1_28' title='bbox 1174 868 1265 932; x_wconf 90' lang='lat' dir='ltr'><strong>Dan-</strong></span> 
     </span>
     <span class='ocr_line' id='line_1_5' title="bbox 214 982 1266 1070; baseline -0.004 -20"><span class='ocrx_word' id='word_1_29' title='bbox 214 987 375 1062; x_wconf 82' lang='lat' dir='ltr'><strong>sront...*,</strong></span> <span class='ocrx_word' id='word_1_30' title='bbox 388 985 461 1069; x_wconf 86' lang='lat' dir='ltr'><strong>quia</strong></span> <span class='ocrx_word' id='word_1_31' title='bbox 475 984 542 1070; x_wconf 89' lang='lat' dir='ltr'><strong>ipse</strong></span> <span class='ocrx_word' id='word_1_32' title='bbox 557 1006 614 1046; x_wconf 87' lang='lat' dir='ltr'><strong>rex</strong></span> <span class='ocrx_word' id='word_1_33' title='bbox 626 984 658 1047; x_wconf 92' lang='lat' dir='ltr'><strong>in</strong></span> <span class='ocrx_word' id='word_1_34' title='bbox 671 983 731 1046; x_wconf 86' lang='lat' dir='ltr'><strong>alia</strong></span> <span class='ocrx_word' id='word_1_35' title='bbox 743 983 879 1069; x_wconf 86' lang='lat' dir='ltr'><strong>quadam</strong></span> <span class='ocrx_word' id='word_1_36' title='bbox 892 984 978 1068; x_wconf 85' lang='lat' dir='ltr'><strong>pacis</strong></span> <span class='ocrx_word' id='word_1_37' title='bbox 992 982 1182 1059; x_wconf 78' lang='lat' dir='ltr'><strong>firmatione,</strong></span> <span class='ocrx_word' id='word_1_38' title='bbox 1195 1004 1266 1066; x_wconf 85' lang='lat' dir='ltr'><strong>quae</strong></span> 
     </span>
     <span class='ocr_line' id='line_1_6' title="bbox 214 1093 1263 1183; baseline -0.005 -20"><span class='ocrx_word' id='word_1_39' title='bbox 214 1098 358 1183; x_wconf 79' lang='lat' dir='ltr'><strong>superins</strong></span> <span class='ocrx_word' id='word_1_40' title='bbox 369 1111 540 1161; x_wconf 86' lang='lat' dir='ltr'><strong>memorata</strong></span> <span class='ocrx_word' id='word_1_41' title='bbox 555 1110 612 1172; x_wconf 91' lang='lat' dir='ltr'><strong>est,</strong></span> <span class='ocrx_word' id='word_1_42' title='bbox 628 1094 753 1159; x_wconf 91' lang='lat' dir='ltr'><strong>easdem</strong></span> <span class='ocrx_word' id='word_1_43' title='bbox 765 1109 862 1159; x_wconf 88' lang='lat' dir='ltr'><strong>terras</strong></span> <span class='ocrx_word' id='word_1_44' title='bbox 873 1094 946 1158; x_wconf 95' lang='lat' dir='ltr'><strong>duci</strong></span> <span class='ocrx_word' id='word_1_45' title='bbox 960 1094 1140 1158; x_wconf 83' lang='lat' dir='ltr'><strong>tradiderat.</strong></span> <span class='ocrx_word' id='word_1_46' title='bbox 1186 1093 1263 1158; x_wconf 88' lang='lat' dir='ltr'><strong>Post</strong></span> 
     </span>
     <span class='ocr_line' id='line_1_7' title="bbox 214 1204 1266 1292; baseline -0.002 -19"><span class='ocrx_word' id='word_1_47' title='bbox 214 1210 276 1273; x_wconf 88' lang='lat' dir='ltr'><strong>hoc</strong></span> <span class='ocrx_word' id='word_1_48' title='bbox 292 1207 455 1271; x_wconf 87' lang='lat' dir='ltr'><strong>nunciavit</strong></span> <span class='ocrx_word' id='word_1_49' title='bbox 474 1207 540 1270; x_wconf 86' lang='lat' dir='ltr'><strong>dux</strong></span> <span class='ocrx_word' id='word_1_50' title='bbox 556 1206 632 1292; x_wconf 84' lang='lat' dir='ltr'><strong>regi,</strong></span> <span class='ocrx_word' id='word_1_51' title='bbox 652 1205 804 1270; x_wconf 86' lang='lat' dir='ltr'><strong>mandans</strong></span> <span class='ocrx_word' id='word_1_52' title='bbox 818 1206 848 1270; x_wconf 91' lang='lat' dir='ltr'><strong>ei</strong></span> <span class='ocrx_word' id='word_1_53' title='bbox 868 1204 955 1291; x_wconf 90' lang='lat' dir='ltr'><strong>qnod</strong></span> <span class='ocrx_word' id='word_1_54' title='bbox 971 1205 1011 1270; x_wconf 92' lang='lat' dir='ltr'><strong>de</strong></span> <span class='ocrx_word' id='word_1_55' title='bbox 1032 1219 1145 1270; x_wconf 89' lang='lat' dir='ltr'><strong>caetero</strong></span> <span class='ocrx_word' id='word_1_56' title='bbox 1165 1204 1266 1271; x_wconf 85' lang='lat' dir='ltr'><strong>dictas</strong></span> 
     </span>
     <span class='ocr_line' id='line_1_8' title="bbox 214 1316 1267 1402; baseline -0.003 -18"><span class='ocrx_word' id='word_1_57' title='bbox 214 1334 312 1384; x_wconf 88' lang='lat' dir='ltr'><strong>terras</strong></span> <span class='ocrx_word' id='word_1_58' title='bbox 327 1332 460 1394; x_wconf 90' lang='lat' dir='ltr'><strong>teneret,</strong></span> <span class='ocrx_word' id='word_1_59' title='bbox 487 1339 547 1381; x_wconf 89' lang='lat' dir='ltr'><strong>nec</strong></span> <span class='ocrx_word' id='word_1_60' title='bbox 563 1317 732 1381; x_wconf 88' lang='lat' dir='ltr'><strong>sustineret</strong></span> <span class='ocrx_word' id='word_1_61' title='bbox 759 1316 892 1380; x_wconf 90' lang='lat' dir='ltr'><strong>ulterius</strong></span> <span class='ocrx_word' id='word_1_62' title='bbox 915 1316 1000 1400; x_wconf 92' lang='lat' dir='ltr'><strong>quod</strong></span> <span class='ocrx_word' id='word_1_63' title='bbox 1022 1339 1079 1380; x_wconf 84' lang='lat' dir='ltr'><strong>rex</strong></span> <span class='ocrx_word' id='word_1_64' title='bbox 1103 1317 1137 1380; x_wconf 89' lang='lat' dir='ltr'><strong>in</strong></span> <span class='ocrx_word' id='word_1_65' title='bbox 1160 1317 1267 1402; x_wconf 88' lang='lat' dir='ltr'><strong>aliquo</strong></span> 
     </span>
     <span class='ocr_line' id='line_1_9' title="bbox 215 1428 1265 1514; baseline -0.002 -20"><span class='ocrx_word' id='word_1_66' title='bbox 215 1430 290 1495; x_wconf 89' lang='lat' dir='ltr'><strong>inde</strong></span> <span class='ocrx_word' id='word_1_67' title='bbox 306 1453 339 1494; x_wconf 79' lang='lat' dir='ltr'><strong>se</strong></span> <span class='ocrx_word' id='word_1_68' title='bbox 350 1429 594 1502; x_wconf 88' lang='lat' dir='ltr'><strong>intromitteret;</strong></span> <span class='ocrx_word' id='word_1_69' title='bbox 612 1429 666 1514; x_wconf 91' lang='lat' dir='ltr'><strong>jus</strong></span> <span class='ocrx_word' id='word_1_70' title='bbox 678 1429 765 1493; x_wconf 91' lang='lat' dir='ltr'><strong>enim</strong></span> <span class='ocrx_word' id='word_1_71' title='bbox 780 1451 813 1492; x_wconf 89' lang='lat' dir='ltr'><strong>se</strong></span> <span class='ocrx_word' id='word_1_72' title='bbox 825 1428 951 1493; x_wconf 90' lang='lat' dir='ltr'><strong>dicebat</strong></span> <span class='ocrx_word' id='word_1_73' title='bbox 966 1429 999 1492; x_wconf 90' lang='lat' dir='ltr'><strong>in</strong></span> <span class='ocrx_word' id='word_1_74' title='bbox 1014 1428 1076 1493; x_wconf 90' lang='lat' dir='ltr'><strong>illis</strong></span> <span class='ocrx_word' id='word_1_75' title='bbox 1087 1428 1179 1493; x_wconf 89' lang='lat' dir='ltr'><strong>terris</strong></span> <span class='ocrx_word' id='word_1_76' title='bbox 1187 1429 1265 1494; x_wconf 90' lang='lat' dir='ltr'><strong>hab-</strong></span> 
     </span>
     <span class='ocr_line' id='line_1_10' title="bbox 212 1540 1267 1628; baseline -0.001 -21"><span class='ocrx_word' id='word_1_77' title='bbox 212 1564 275 1620; x_wconf 90' lang='lat' dir='ltr'><strong>ere,</strong></span> <span class='ocrx_word' id='word_1_78' title='bbox 292 1565 331 1606; x_wconf 92' lang='lat' dir='ltr'><strong>eo</strong></span> <span class='ocrx_word' id='word_1_79' title='bbox 347 1540 433 1626; x_wconf 95' lang='lat' dir='ltr'><strong>quod</strong></span> <span class='ocrx_word' id='word_1_80' title='bbox 453 1553 543 1628; x_wconf 86' lang='lat' dir='ltr'><strong>pater</strong></span> <span class='ocrx_word' id='word_1_81' title='bbox 558 1563 634 1604; x_wconf 90' lang='lat' dir='ltr'><strong>suus</strong></span> <span class='ocrx_word' id='word_1_82' title='bbox 648 1540 708 1625; x_wconf 93' lang='lat' dir='ltr'><strong>ipsi</strong></span> <span class='ocrx_word' id='word_1_83' title='bbox 724 1553 872 1626; x_wconf 86' lang='lat' dir='ltr'><strong>tanquam</strong></span> <span class='ocrx_word' id='word_1_84' title='bbox 890 1541 1102 1628; x_wconf 89' lang='lat' dir='ltr'><strong>primogenito</strong></span> <span class='ocrx_word' id='word_1_85' title='bbox 1125 1564 1184 1607; x_wconf 90' lang='lat' dir='ltr'><strong>suo</strong></span> <span class='ocrx_word' id='word_1_86' title='bbox 1199 1542 1267 1606; x_wconf 90' lang='lat' dir='ltr'><strong>illas</strong></span> 
     </span>
     <span class='ocr_line' id='line_1_11' title="bbox 215 1651 1267 1741; baseline 0 -23"><span class='ocrx_word' id='word_1_87' title='bbox 215 1654 387 1738; x_wconf 82' lang='lat' dir='ltr'><strong>reliquerat</strong></span> <span class='ocrx_word' id='word_1_88' title='bbox 407 1653 502 1717; x_wconf 88' lang='lat' dir='ltr'><strong>simul</strong></span> <span class='ocrx_word' id='word_1_89' title='bbox 518 1675 591 1716; x_wconf 91' lang='lat' dir='ltr'><strong>cum</strong></span> <span class='ocrx_word' id='word_1_90' title='bbox 613 1651 732 1716; x_wconf 86' lang='lat' dir='ltr'><strong>ducatu</strong></span> <span class='ocrx_word' id='word_1_91' title='bbox 755 1651 970 1718; x_wconf 82' lang='lat' dir='ltr'><strong>Normanniae.</strong></span> <span class='ocrx_word' id='word_1_92' title='bbox 1016 1651 1151 1718; x_wconf 87' lang='lat' dir='ltr'><strong>Petebat</strong></span> <span class='ocrx_word' id='word_1_93' title='bbox 1170 1653 1267 1741; x_wconf 88' lang='lat' dir='ltr'><strong>igitur</strong></span> 
     </span>
     <span class='ocr_line' id='line_1_12' title="bbox 215 1763 1268 1852; baseline -0.001 -21"><span class='ocrx_word' id='word_1_94' title='bbox 215 1781 252 1831; x_wconf 91' lang='lat' dir='ltr'><strong>nt</strong></span> <span class='ocrx_word' id='word_1_95' title='bbox 265 1765 395 1852; x_wconf 89' lang='lat' dir='ltr'><strong>pacifice</strong></span> <span class='ocrx_word' id='word_1_96' title='bbox 410 1764 646 1851; x_wconf 86' lang='lat' dir='ltr'><strong>permitteretur</strong></span> <span class='ocrx_word' id='word_1_97' title='bbox 672 1763 834 1849; x_wconf 87' lang='lat' dir='ltr'><strong>possidere</strong></span> <span class='ocrx_word' id='word_1_98' title='bbox 858 1786 905 1843; x_wconf 90' lang='lat' dir='ltr'><strong>ea,</strong></span> <span class='ocrx_word' id='word_1_99' title='bbox 922 1787 993 1848; x_wconf 84' lang='lat' dir='ltr'><strong>quae</strong></span> <span class='ocrx_word' id='word_1_100' title='bbox 1007 1764 1093 1847; x_wconf 90' lang='lat' dir='ltr'><strong>dono</strong></span> <span class='ocrx_word' id='word_1_101' title='bbox 1105 1766 1203 1850; x_wconf 87' lang='lat' dir='ltr'><strong>patris</strong></span> <span class='ocrx_word' id='word_1_102' title='bbox 1218 1765 1268 1830; x_wconf 91' lang='lat' dir='ltr'><strong>sui</strong></span> 
     </span>
     <span class='ocr_line' id='line_1_13' title="bbox 212 1874 1267 1961; baseline 0 -20"><span class='ocrx_word' id='word_1_103' title='bbox 212 1877 376 1954; x_wconf 82' lang='lat' dir='ltr'><strong>habuerat,</strong></span> <span class='ocrx_word' id='word_1_104' title='bbox 406 1889 440 1940; x_wconf 89' lang='lat' dir='ltr'><strong>et</strong></span> <span class='ocrx_word' id='word_1_105' title='bbox 464 1897 520 1961; x_wconf 89' lang='lat' dir='ltr'><strong>per</strong></span> <span class='ocrx_word' id='word_1_106' title='bbox 545 1874 775 1940; x_wconf 85' lang='lat' dir='ltr'><strong>haereditariam</strong></span> <span class='ocrx_word' id='word_1_107' title='bbox 804 1876 1042 1941; x_wconf 89' lang='lat' dir='ltr'><strong>successionem.</strong></span> <span class='ocrx_word' id='word_1_108' title='bbox 1104 1876 1169 1943; x_wconf 86' lang='lat' dir='ltr'><strong>Sed</strong></span> <span class='ocrx_word' id='word_1_109' title='bbox 1205 1899 1267 1942; x_wconf 92' lang='lat' dir='ltr'><strong>nec</strong></span> 
     </span>
     <span class='ocr_line' id='line_1_14' title="bbox 213 1986 1266 2074; baseline -0.002 -20"><span class='ocrx_word' id='word_1_110' title='bbox 213 2010 323 2074; x_wconf 89' lang='lat' dir='ltr'><strong>pacem</strong></span> <span class='ocrx_word' id='word_1_111' title='bbox 338 2009 398 2052; x_wconf 94' lang='lat' dir='ltr'><strong>nec</strong></span> <span class='ocrx_word' id='word_1_112' title='bbox 410 2000 535 2073; x_wconf 86' lang='lat' dir='ltr'><strong>treugas</strong></span> <span class='ocrx_word' id='word_1_113' title='bbox 550 1986 655 2071; x_wconf 91' lang='lat' dir='ltr'><strong>potuit</strong></span> <span class='ocrx_word' id='word_1_114' title='bbox 670 1987 837 2073; x_wconf 87' lang='lat' dir='ltr'><strong>impetrare</strong></span> <span class='ocrx_word' id='word_1_115' title='bbox 850 2013 859 2066; x_wconf 75' lang='grc' dir='ltr'><strong><em>ς</em></strong></span> <span class='ocrx_word' id='word_1_116' title='bbox 873 1987 958 2052; x_wconf 92' lang='lat' dir='ltr'><strong>unde</strong></span> <span class='ocrx_word' id='word_1_117' title='bbox 973 2009 1031 2074; x_wconf 90' lang='lat' dir='ltr'><strong>per</strong></span> <span class='ocrx_word' id='word_1_118' title='bbox 1043 2000 1140 2052; x_wconf 89' lang='lat' dir='ltr'><strong>totam</strong></span> <span class='ocrx_word' id='word_1_119' title='bbox 1151 2002 1266 2053; x_wconf 89' lang='lat' dir='ltr'><strong>terram</strong></span> 
     </span>
     <span class='ocr_line' id='line_1_15' title="bbox 214 2097 1268 2186; baseline -0.001 -20"><span class='ocrx_word' id='word_1_120' title='bbox 214 2123 304 2166; x_wconf 90' lang='lat' dir='ltr'><strong>suam</strong></span> <span class='ocrx_word' id='word_1_121' title='bbox 326 2099 402 2164; x_wconf 84' lang='lat' dir='ltr'><strong>fecit</strong></span> <span class='ocrx_word' id='word_1_122' title='bbox 424 2099 559 2163; x_wconf 83' lang='lat' dir='ltr'><strong>clamare</strong></span> <span class='ocrx_word' id='word_1_123' title='bbox 579 2098 666 2186; x_wconf 90' lang='lat' dir='ltr'><strong>quod</strong></span> <span class='ocrx_word' id='word_1_124' title='bbox 689 2097 794 2162; x_wconf 90' lang='lat' dir='ltr'><strong>nullus</strong></span> <span class='ocrx_word' id='word_1_125' title='bbox 817 2099 1005 2170; x_wconf 90' lang='lat' dir='ltr'><strong>tenentium.</strong></span> <span class='ocrx_word' id='word_1_126' title='bbox 1018 2098 1059 2165; x_wconf 92' lang='lat' dir='ltr'><strong>de</strong></span> <span class='ocrx_word' id='word_1_127' title='bbox 1082 2100 1202 2164; x_wconf 88' lang='lat' dir='ltr'><strong>eoiret</strong></span> <span class='ocrx_word' id='word_1_128' title='bbox 1232 2100 1268 2165; x_wconf 92' lang='lat' dir='ltr'><strong>in</strong></span> 
     </span>
     <span class='ocr_line' id='line_1_16' title="bbox 216 2211 1267 2299; baseline -0.002 -22"><span class='ocrx_word' id='word_1_129' title='bbox 216 2213 368 2299; x_wconf 85' lang='lat' dir='ltr'><strong>Angliam</strong></span> <span class='ocrx_word' id='word_1_130' title='bbox 383 2235 391 2289; x_wconf 91' lang='lat'><strong>;</strong></span> <span class='ocrx_word' id='word_1_131' title='bbox 409 2233 468 2276; x_wconf 91' lang='lat' dir='ltr'><strong>nec</strong></span> <span class='ocrx_word' id='word_1_132' title='bbox 483 2211 597 2297; x_wconf 88' lang='lat' dir='ltr'><strong>aliquis</strong></span> <span class='ocrx_word' id='word_1_133' title='bbox 611 2232 721 2274; x_wconf 91' lang='lat' dir='ltr'><strong>eorum</strong></span> <span class='ocrx_word' id='word_1_134' title='bbox 734 2211 840 2296; x_wconf 92' lang='lat' dir='ltr'><strong>quide</strong></span> <span class='ocrx_word' id='word_1_135' title='bbox 851 2233 925 2298; x_wconf 88' lang='lat' dir='ltr'><strong>rege</strong></span> <span class='ocrx_word' id='word_1_136' title='bbox 942 2211 1070 2277; x_wconf 86' lang='lat' dir='ltr'><strong>tenebat</strong></span> <span class='ocrx_word' id='word_1_137' title='bbox 1090 2212 1124 2277; x_wconf 92' lang='lat' dir='ltr'><strong>in</strong></span> <span class='ocrx_word' id='word_1_138' title='bbox 1139 2211 1267 2299; x_wconf 89' lang='lat' dir='ltr'><strong>Anglia,</strong></span> 
     </span>
     <span class='ocr_line' id='line_1_17' title="bbox 213 2321 1269 2404; baseline 0 -17"><span class='ocrx_word' id='word_1_139' title='bbox 213 2323 345 2387; x_wconf 90' lang='lat' dir='ltr'><strong>haberet</strong></span> <span class='ocrx_word' id='word_1_140' title='bbox 359 2343 518 2404; x_wconf 78' lang='lat' dir='ltr'><strong>accessum</strong></span> <span class='ocrx_word' id='word_1_141' title='bbox 528 2322 562 2385; x_wconf 91' lang='lat' dir='ltr'><strong>in</strong></span> <span class='ocrx_word' id='word_1_142' title='bbox 573 2321 827 2398; x_wconf 84' lang='lat' dir='ltr'><strong>Normauniam3</strong></span> <span class='ocrx_word' id='word_1_143' title='bbox 851 2322 939 2387; x_wconf 87' lang='lat' dir='ltr'><strong>etita</strong></span> <span class='ocrx_word' id='word_1_144' title='bbox 954 2337 1040 2387; x_wconf 87' lang='lat' dir='ltr'><strong>mota</strong></span> <span class='ocrx_word' id='word_1_145' title='bbox 1051 2336 1099 2388; x_wconf 90' lang='lat' dir='ltr'><strong>est</strong></span> <span class='ocrx_word' id='word_1_146' title='bbox 1113 2323 1199 2389; x_wconf 92' lang='lat' dir='ltr'><strong>inter</strong></span> <span class='ocrx_word' id='word_1_147' title='bbox 1213 2345 1269 2389; x_wconf 91' lang='lat' dir='ltr'><strong>eos</strong></span> 
     </span>
     <span class='ocr_line' id='line_1_18' title="bbox 217 2427 851 2500; baseline -0.002 0"><span class='ocrx_word' id='word_1_148' title='bbox 217 2435 354 2500; x_wconf 82' lang='lat' dir='ltr'><strong>maxima</strong></span> <span class='ocrx_word' id='word_1_149' title='bbox 368 2433 533 2499; x_wconf 87' lang='lat' dir='ltr'><strong>discordia.</strong></span> <span class='ocrx_word' id='word_1_150' title='bbox 848 2427 851 2438; x_wconf 59' lang='lat'><strong>¹</strong></span> 
     </span>
    </p>
   </div>
   <div class='ocr_carea' id='block_1_3' title="bbox 211 2560 1267 2999">
    <p class='ocr_par' dir='ltr' id='par_1_3' title="bbox 211 2560 1267 2999">
     <span class='ocr_line' id='line_1_19' title="bbox 258 2560 1264 2665; baseline 0.003 -25"><span class='ocrx_word' id='word_1_151' title='bbox 258 2575 331 2640; x_wconf 84' lang='lat' dir='ltr'><strong>Rex</strong></span> <span class='ocrx_word' id='word_1_152' title='bbox 357 2575 464 2662; x_wconf 86' lang='lat' dir='ltr'><strong>igitur,</strong></span> <span class='ocrx_word' id='word_1_153' title='bbox 486 2560 619 2640; x_wconf 85' lang='lat' dir='ltr'><strong>audiens</strong></span> <span class='ocrx_word' id='word_1_154' title='bbox 641 2575 713 2654; x_wconf 92' lang='lat' dir='ltr'><strong>hoc,</strong></span> <span class='ocrx_word' id='word_1_155' title='bbox 734 2576 909 2648; x_wconf 79' lang='lat' dir='ltr'><strong>maximum</strong></span> <span class='ocrx_word' id='word_1_156' title='bbox 933 2575 1061 2665; x_wconf 81' lang='lat' dir='ltr'><strong>collegit</strong></span> <span class='ocrx_word' id='word_1_157' title='bbox 1076 2579 1264 2655; x_wconf 83' lang='lat' dir='ltr'><strong>exercitum,</strong></span> 
     </span>
     <span class='ocr_line' id='line_1_20' title="bbox 211 2686 1266 2780; baseline 0.002 -28"><span class='ocrx_word' id='word_1_158' title='bbox 211 2687 484 2771; x_wconf 86' lang='lat' dir='ltr'><strong>transfretavitque</strong></span> <span class='ocrx_word' id='word_1_159' title='bbox 500 2687 534 2750; x_wconf 92' lang='lat' dir='ltr'><strong>in</strong></span> <span class='ocrx_word' id='word_1_160' title='bbox 546 2686 788 2780; x_wconf 81' lang='lat' dir='ltr'><strong>Normanniam,</strong></span> <span class='ocrx_word' id='word_1_161' title='bbox 800 2701 833 2752; x_wconf 89' lang='lat' dir='ltr'><strong>et</strong></span> <span class='ocrx_word' id='word_1_162' title='bbox 848 2689 1025 2772; x_wconf 86' lang='lat' dir='ltr'><strong>agentibus</strong></span> <span class='ocrx_word' id='word_1_163' title='bbox 1039 2690 1104 2754; x_wconf 88' lang='lat' dir='ltr'><strong>suis</strong></span> <span class='ocrx_word' id='word_1_164' title='bbox 1117 2699 1266 2776; x_wconf 88' lang='lat' dir='ltr'><strong>receptus</strong></span> 
     </span>
     <span class='ocr_line' id='line_1_21' title="bbox 215 2796 1262 2884; baseline 0.004 -22"><span class='ocrx_word' id='word_1_165' title='bbox 215 2812 262 2863; x_wconf 90' lang='lat' dir='ltr'><strong>est</strong></span> <span class='ocrx_word' id='word_1_166' title='bbox 291 2820 367 2862; x_wconf 90' lang='lat' dir='ltr'><strong>cum</strong></span> <span class='ocrx_word' id='word_1_167' title='bbox 395 2796 523 2884; x_wconf 89' lang='lat' dir='ltr'><strong>gaudio.</strong></span> <span class='ocrx_word' id='word_1_168' title='bbox 576 2797 676 2862; x_wconf 90' lang='lat' dir='ltr'><strong>Multi</strong></span> <span class='ocrx_word' id='word_1_169' title='bbox 704 2799 800 2863; x_wconf 83' lang='lat' dir='ltr'><strong>etiam</strong></span> <span class='ocrx_word' id='word_1_170' title='bbox 832 2799 1091 2865; x_wconf 89' lang='lat' dir='ltr'><strong>Normannorum</strong></span> <span class='ocrx_word' id='word_1_171' title='bbox 1120 2799 1161 2866; x_wconf 90' lang='lat' dir='ltr'><strong>ad</strong></span> <span class='ocrx_word' id='word_1_172' title='bbox 1187 2824 1262 2866; x_wconf 92' lang='lat' dir='ltr'><strong>eum</strong></span> 
     </span>
     <span class='ocr_line' id='line_1_22' title="bbox 214 2909 1267 2999; baseline 0.005 -24"><span class='ocrx_word' id='word_1_173' title='bbox 214 2910 426 2988; x_wconf 88' lang='lat' dir='ltr'><strong>confluebant,</strong></span> <span class='ocrx_word' id='word_1_174' title='bbox 457 2909 671 2996; x_wconf 86' lang='lat' dir='ltr'><strong>relinquentes</strong></span> <span class='ocrx_word' id='word_1_175' title='bbox 709 2911 835 2978; x_wconf 89' lang='lat' dir='ltr'><strong>ducem.</strong></span> <span class='ocrx_word' id='word_1_176' title='bbox 906 2915 983 2979; x_wconf 84' lang='lat' dir='ltr'><strong>Dux</strong></span> <span class='ocrx_word' id='word_1_177' title='bbox 1021 2926 1139 2992; x_wconf 85' lang='lat' dir='ltr'><strong>tamen,</strong></span> <span class='ocrx_word' id='word_1_178' title='bbox 1170 2927 1267 2999; x_wconf 90' lang='lat' dir='ltr'><strong>prout</strong></span> 
     </span>
    </p>
   </div>
   <div class='ocr_carea' id='block_1_4' title="bbox 216 3022 1371 3110">
    <p class='ocr_par' dir='ltr' id='par_1_4' title="bbox 216 3022 1371 3110">
     <span class='ocr_line' id='line_1_23' title="bbox 216 3022 1371 3110; baseline 0.004 -24"><span class='ocrx_word' id='word_1_179' title='bbox 216 3022 330 3087; x_wconf 91' lang='lat' dir='ltr'><strong>melius</strong></span> <span class='ocrx_word' id='word_1_180' title='bbox 354 3036 486 3109; x_wconf 89' lang='lat' dir='ltr'><strong>poterat,</strong></span> <span class='ocrx_word' id='word_1_181' title='bbox 511 3045 544 3087; x_wconf 88' lang='lat' dir='ltr'><strong>se</strong></span> <span class='ocrx_word' id='word_1_182' title='bbox 571 3035 603 3087; x_wconf 92' lang='lat' dir='ltr'><strong>et</strong></span> <span class='ocrx_word' id='word_1_183' title='bbox 622 3046 679 3088; x_wconf 90' lang='lat' dir='ltr'><strong>sua</strong></span> <span class='ocrx_word' id='word_1_184' title='bbox 701 3022 902 3090; x_wconf 86' lang='lat' dir='ltr'><strong>defendebat.</strong></span> <span class='ocrx_word' id='word_1_185' title='bbox 948 3025 1042 3090; x_wconf 85' lang='lat' dir='ltr'><strong>Unus</strong></span> <span class='ocrx_word' id='word_1_186' title='bbox 1066 3025 1196 3110; x_wconf 86' lang='lat' dir='ltr'><strong>quidam</strong></span> <span class='ocrx_word' id='word_1_187' title='bbox 1221 3025 1263 3090; x_wconf 90' lang='lat' dir='ltr'><strong>de</strong></span> <span class='ocrx_word' id='word_1_188' title='bbox 1368 3029 1371 3036; x_wconf 78' lang='grc'>’</span> 
     </span>
    </p>
   </div>
   <div class='ocr_carea' id='block_1_5' title="bbox 213 3131 1280 4239">
    <p class='ocr_par' dir='ltr' id='par_1_5' title="bbox 213 3131 1280 4239">
     <span class='ocr_line' id='line_1_24' title="bbox 218 3131 1265 3223; baseline 0.003 -25"><span class='ocrx_word' id='word_1_189' title='bbox 218 3132 427 3219; x_wconf 74' lang='lat' dir='ltr'><strong>Magnetibus</strong></span> <span class='ocrx_word' id='word_1_190' title='bbox 449 3131 548 3211; x_wconf 89' lang='lat' dir='ltr'><strong>ducis,</strong></span> <span class='ocrx_word' id='word_1_191' title='bbox 573 3133 718 3221; x_wconf 81' lang='lat' dir='ltr'><strong>Rogerus</strong></span> <span class='ocrx_word' id='word_1_192' title='bbox 740 3134 781 3200; x_wconf 89' lang='lat' dir='ltr'><strong>de</strong></span> <span class='ocrx_word' id='word_1_193' title='bbox 803 3134 935 3214; x_wconf 78' lang='lat' dir='ltr'><strong>Alecto,</strong></span> <span class='ocrx_word' id='word_1_194' title='bbox 957 3136 1014 3223; x_wconf 92' lang='lat' dir='ltr'><strong>qui</strong></span> <span class='ocrx_word' id='word_1_195' title='bbox 1038 3135 1265 3202; x_wconf 88' lang='lat' dir='ltr'><strong>Cadomumet</strong></span> 
     </span>
     <span class='ocr_line' id='line_1_25' title="bbox 216 3243 1268 3331; baseline 0.004 -23"><span class='ocrx_word' id='word_1_196' title='bbox 216 3243 362 3331; x_wconf 80' lang='lat' dir='ltr'><strong>Bayeaus</strong></span> <span class='ocrx_word' id='word_1_197' title='bbox 390 3243 598 3322; x_wconf 87' lang='lat' dir='ltr'><strong>custodiebat,</strong></span> <span class='ocrx_word' id='word_1_198' title='bbox 628 3246 697 3331; x_wconf 87' lang='lat' dir='ltr'><strong>regi</strong></span> <span class='ocrx_word' id='word_1_199' title='bbox 720 3259 753 3311; x_wconf 92' lang='lat' dir='ltr'><strong>et</strong></span> <span class='ocrx_word' id='word_1_200' title='bbox 775 3247 840 3312; x_wconf 89' lang='lat' dir='ltr'><strong>suis</strong></span> <span class='ocrx_word' id='word_1_201' title='bbox 879 3248 1002 3312; x_wconf 85' lang='lat' dir='ltr'><strong>fortiter</strong></span> <span class='ocrx_word' id='word_1_202' title='bbox 1033 3248 1206 3325; x_wconf 86' lang='lat' dir='ltr'><strong>resistebat,</strong></span> <span class='ocrx_word' id='word_1_203' title='bbox 1235 3262 1268 3312; x_wconf 89' lang='lat' dir='ltr'><strong>et</strong></span> 
     </span>
     <span class='ocr_line' id='line_1_26' title="bbox 215 3353 1267 3442; baseline 0.006 -24"><span class='ocrx_word' id='word_1_204' title='bbox 215 3355 316 3419; x_wconf 86' lang='lat' dir='ltr'><strong>multa</strong></span> <span class='ocrx_word' id='word_1_205' title='bbox 332 3353 408 3442; x_wconf 89' lang='lat' dir='ltr'><strong>[eis]</strong></span> <span class='ocrx_word' id='word_1_206' title='bbox 431 3354 548 3419; x_wconf 91' lang='lat' dir='ltr'><strong>damna</strong></span> <span class='ocrx_word' id='word_1_207' title='bbox 562 3355 726 3420; x_wconf 86' lang='lat' dir='ltr'><strong>inferebat.</strong></span> <span class='ocrx_word' id='word_1_208' title='bbox 772 3353 837 3420; x_wconf 90' lang='lat' dir='ltr'><strong>Hic</strong></span> <span class='ocrx_word' id='word_1_209' title='bbox 852 3356 947 3422; x_wconf 88' lang='lat' dir='ltr'><strong>etiam</strong></span> <span class='ocrx_word' id='word_1_210' title='bbox 970 3357 1148 3434; x_wconf 89' lang='lat' dir='ltr'><strong>Robertum</strong></span> <span class='ocrx_word' id='word_1_211' title='bbox 1163 3359 1267 3424; x_wconf 88' lang='lat' dir='ltr'><strong>filium</strong></span> 
     </span>
     <span class='ocr_line' id='line_1_27' title="bbox 217 3465 1267 3561; baseline -0.001 -30"><span class='ocrx_word' id='word_1_212' title='bbox 217 3465 382 3543; x_wconf 75' lang='lat' dir='ltr'><strong>flamonia,</strong></span> <span class='ocrx_word' id='word_1_213' title='bbox 399 3466 454 3551; x_wconf 89' lang='lat' dir='ltr'><strong>qni</strong></span> <span class='ocrx_word' id='word_1_214' title='bbox 469 3489 489 3530; x_wconf 91' lang='lat' dir='ltr'><strong>a</strong></span> <span class='ocrx_word' id='word_1_215' title='bbox 501 3465 583 3532; x_wconf 91' lang='lat' dir='ltr'><strong>duce</strong></span> <span class='ocrx_word' id='word_1_216' title='bbox 603 3466 671 3552; x_wconf 88' lang='lat' dir='ltr'><strong>jam</strong></span> <span class='ocrx_word' id='word_1_217' title='bbox 694 3481 872 3546; x_wconf 85' lang='lat' dir='ltr'><strong>recesserat,</strong></span> <span class='ocrx_word' id='word_1_218' title='bbox 896 3482 930 3533; x_wconf 91' lang='lat' dir='ltr'><strong>et</strong></span> <span class='ocrx_word' id='word_1_219' title='bbox 943 3468 1091 3534; x_wconf 89' lang='lat' dir='ltr'><strong>dominus</strong></span> <span class='ocrx_word' id='word_1_220' title='bbox 1114 3486 1181 3539; x_wconf 80' lang='lat' dir='ltr'><strong>erat</strong></span> <span class='ocrx_word' id='word_1_221' title='bbox 1196 3496 1267 3561; x_wconf 81' lang='lat' dir='ltr'><strong>pro.</strong></span> 
     </span>
     <span class='ocr_line' id='line_1_28' title="bbox 213 3577 1265 3676; baseline 0.01 -35"><span class='ocrx_word' id='word_1_222' title='bbox 213 3578 326 3643; x_wconf 87' lang='lat' dir='ltr'><strong>viuciae</strong></span> <span class='ocrx_word' id='word_1_223' title='bbox 340 3577 546 3656; x_wconf 87' lang='lat' dir='ltr'><strong>Turonensis,</strong></span> <span class='ocrx_word' id='word_1_224' title='bbox 566 3578 801 3664; x_wconf 86' lang='lat' dir='ltr'><strong>depraedantem</strong></span> <span class='ocrx_word' id='word_1_225' title='bbox 818 3593 851 3645; x_wconf 93' lang='lat' dir='ltr'><strong>et</strong></span> <span class='ocrx_word' id='word_1_226' title='bbox 875 3588 1050 3650; x_wconf 79' lang='lat' dir='ltr'><strong>vastantem</strong></span> <span class='ocrx_word' id='word_1_227' title='bbox 1079 3588 1265 3676; x_wconf 72' lang='lat' dir='ltr'><strong>Bassiuumtt</strong></span> 
     </span>
     <span class='ocr_line' id='line_1_29' title="bbox 214 3689 1268 3788; baseline 0.013 -35"><span class='ocrx_word' id='word_1_228' title='bbox 214 3689 325 3776; x_wconf 86' lang='lat' dir='ltr'><strong>fugere</strong></span> <span class='ocrx_word' id='word_1_229' title='bbox 350 3691 455 3774; x_wconf 86' lang='lat' dir='ltr'><strong>coegit</strong></span> <span class='ocrx_word' id='word_1_230' title='bbox 478 3691 512 3754; x_wconf 93' lang='lat' dir='ltr'><strong>in</strong></span> <span class='ocrx_word' id='word_1_231' title='bbox 539 3691 703 3756; x_wconf 89' lang='lat' dir='ltr'><strong>ecclesiam</strong></span> <span class='ocrx_word' id='word_1_232' title='bbox 727 3692 911 3776; x_wconf 80' lang='lat' dir='ltr'><strong>quandam3</strong></span> <span class='ocrx_word' id='word_1_233' title='bbox 935 3694 976 3759; x_wconf 85' lang='lat' dir='ltr'><strong>ad</strong></span> <span class='ocrx_word' id='word_1_234' title='bbox 1003 3719 1098 3781; x_wconf 91' lang='lat' dir='ltr'><strong>quam</strong></span> <span class='ocrx_word' id='word_1_235' title='bbox 1124 3703 1268 3788; x_wconf 88' lang='lat' dir='ltr'><strong>apposito</strong></span> 
     </span>
     <span class='ocr_line' id='line_1_30' title="bbox 216 3801 1268 3891; baseline 0.015 -27"><span class='ocrx_word' id='word_1_236' title='bbox 216 3801 290 3888; x_wconf 89' lang='lat' dir='ltr'><strong>igne</strong></span> <span class='ocrx_word' id='word_1_237' title='bbox 305 3803 390 3866; x_wconf 85' lang='lat' dir='ltr'><strong>exire</strong></span> <span class='ocrx_word' id='word_1_238' title='bbox 402 3803 516 3888; x_wconf 84' lang='lat' dir='ltr'><strong>coegit,</strong></span> <span class='ocrx_word' id='word_1_239' title='bbox 532 3816 565 3868; x_wconf 91' lang='lat' dir='ltr'><strong>et</strong></span> <span class='ocrx_word' id='word_1_240' title='bbox 588 3819 717 3891; x_wconf 90' lang='lat' dir='ltr'><strong>captum</strong></span> <span class='ocrx_word' id='word_1_241' title='bbox 743 3807 956 3872; x_wconf 83' lang='lat' dir='ltr'><strong>incarceravit</strong></span> <span class='ocrx_word' id='word_1_242' title='bbox 994 3809 1068 3876; x_wconf 85' lang='lat' dir='ltr'><strong>Rex</strong></span> <span class='ocrx_word' id='word_1_243' title='bbox 1085 3835 1170 3890; x_wconf 90' lang='lat' dir='ltr'><strong>vero,</strong></span> <span class='ocrx_word' id='word_1_244' title='bbox 1186 3815 1268 3878; x_wconf 91' lang='lat' dir='ltr'><strong>mul-</strong></span> 
     </span>
     <span class='ocr_line' id='line_1_31' title="bbox 215 3897 1267 4003; baseline 0.013 -26"><span class='ocrx_word' id='word_1_245' title='bbox 215 3926 281 3978; x_wconf 90' lang='lat' dir='ltr'><strong>tum</strong></span> <span class='ocrx_word' id='word_1_246' title='bbox 292 3920 397 3978; x_wconf 86' lang='lat' dir='ltr'><strong>motus</strong></span> <span class='ocrx_word' id='word_1_247' title='bbox 406 3914 492 3999; x_wconf 93' lang='lat' dir='ltr'><strong>quod</strong></span> <span class='ocrx_word' id='word_1_248' title='bbox 504 3938 614 4001; x_wconf 86' lang='lat' dir='ltr'><strong>parum</strong></span> <span class='ocrx_word' id='word_1_249' title='bbox 626 3917 660 3981; x_wconf 93' lang='lat' dir='ltr'><strong>in</strong></span> <span class='ocrx_word' id='word_1_250' title='bbox 672 3897 864 4003; x_wconf 86' lang='lat' dir='ltr'><strong>acquirendo</strong></span> <span class='ocrx_word' id='word_1_251' title='bbox 873 3920 1048 4003; x_wconf 89' lang='lat' dir='ltr'><strong>proficeret,</strong></span> <span class='ocrx_word' id='word_1_252' title='bbox 1058 3925 1167 3991; x_wconf 86' lang='lat' dir='ltr'><strong>allexit</strong></span> <span class='ocrx_word' id='word_1_253' title='bbox 1182 3926 1267 3991; x_wconf 87' lang='lat' dir='ltr'><strong>adse</strong></span> 
     </span>
     <span class='ocr_line' id='line_1_32' title="bbox 215 4025 1280 4120; baseline 0.014 -30"><span class='ocrx_word' id='word_1_254' title='bbox 215 4025 345 4091; x_wconf 89' lang='lat' dir='ltr'><strong>Heliam</strong></span> <span class='ocrx_word' id='word_1_255' title='bbox 360 4027 507 4094; x_wconf 89' lang='lat' dir='ltr'><strong>comitem</strong></span> <span class='ocrx_word' id='word_1_256' title='bbox 524 4027 763 4112; x_wconf 85' lang='lat' dir='ltr'><strong>Cenomanniae,</strong></span> <span class='ocrx_word' id='word_1_257' title='bbox 780 4033 885 4120; x_wconf 88' lang='lat' dir='ltr'><strong>quiin</strong></span> <span class='ocrx_word' id='word_1_258' title='bbox 908 4037 1095 4103; x_wconf 88' lang='lat' dir='ltr'><strong>manuforti</strong></span> <span class='ocrx_word' id='word_1_259' title='bbox 1115 4053 1147 4104; x_wconf 91' lang='lat' dir='ltr'><strong>et</strong></span> <span class='ocrx_word' id='word_1_260' title='bbox 1161 4040 1280 4104; x_wconf 87' lang='lat' dir='ltr'><strong>animo.</strong></span> 
     </span>
     <span class='ocr_line' id='line_1_33' title="bbox 215 4136 1268 4239; baseline 0.016 -38"><span class='ocrx_word' id='word_1_261' title='bbox 215 4136 329 4203; x_wconf 88' lang='lat' dir='ltr'><strong>libenti</strong></span> <span class='ocrx_word' id='word_1_262' title='bbox 343 4138 410 4225; x_wconf 90' lang='lat' dir='ltr'><strong>regi</strong></span> <span class='ocrx_word' id='word_1_263' title='bbox 425 4140 556 4204; x_wconf 89' lang='lat' dir='ltr'><strong>veniens</strong></span> <span class='ocrx_word' id='word_1_264' title='bbox 571 4141 604 4206; x_wconf 90' lang='lat' dir='ltr'><strong>in</strong></span> <span class='ocrx_word' id='word_1_265' title='bbox 619 4144 782 4224; x_wconf 81' lang='lat' dir='ltr'><strong>auxilium,</strong></span> <span class='ocrx_word' id='word_1_266' title='bbox 798 4169 871 4213; x_wconf 88' lang='lat' dir='ltr'><strong>curn</strong></span> <span class='ocrx_word' id='word_1_267' title='bbox 888 4172 926 4214; x_wconf 93' lang='lat' dir='ltr'><strong>eo</strong></span> <span class='ocrx_word' id='word_1_268' title='bbox 941 4151 1101 4237; x_wconf 87' lang='lat' dir='ltr'><strong>profectus</strong></span> <span class='ocrx_word' id='word_1_269' title='bbox 1121 4165 1168 4216; x_wconf 86' lang='lat' dir='ltr'><strong>est</strong></span> <span class='ocrx_word' id='word_1_270' title='bbox 1182 4153 1268 4239; x_wconf 90' lang='lat' dir='ltr'><strong>apud</strong></span> 
     </span>
    </p>
   </div>
   <div class='ocr_carea' id='block_1_6' title="bbox 224 4302 1270 4332">
    <p class='ocr_par' dir='ltr' id='par_1_6' title="bbox 224 4302 1270 4332">
     <span class='ocr_line' id='line_1_34' title="bbox 224 4302 1270 4332; baseline 0.003 -16"><span class='ocrx_word' id='word_1_271' title='bbox 224 4302 1270 4332; x_wconf 81' lang='lat'><strong>-—----·-------....................----.</strong></span> 
     </span>
    </p>
   </div>
   <div class='ocr_carea' id='block_1_7' title="bbox 241 4405 1067 4472">
    <p class='ocr_par' dir='ltr' id='par_1_7' title="bbox 241 4405 1067 4472">
     <span class='ocr_line' id='line_1_35' title="bbox 241 4405 1067 4472; baseline 0.022 -28"><span class='ocrx_word' id='word_1_272' title='bbox 241 4405 255 4430; x_wconf 76' lang='lat'>¹</span> <span class='ocrx_word' id='word_1_273' title='bbox 268 4407 281 4429; x_wconf 75' lang='lat'><strong>‘⁶</strong></span> <span class='ocrx_word' id='word_1_274' title='bbox 290 4405 417 4447; x_wconf 57' lang='lat' dir='ltr'><strong>become·</strong></span> <span class='ocrx_word' id='word_1_275' title='bbox 428 4419 498 4451; x_wconf 72' lang='lat' dir='ltr'><strong>seems</strong></span> <span class='ocrx_word' id='word_1_276' title='bbox 506 4413 529 4452; x_wconf 87' lang='lat' dir='ltr'><strong>to</strong></span> <span class='ocrx_word' id='word_1_277' title='bbox 536 4413 562 4452; x_wconf 84' lang='lat' dir='ltr'><strong>be</strong></span> <span class='ocrx_word' id='word_1_278' title='bbox 569 4414 729 4464; x_wconf 63' lang='lat' dir='ltr'><strong>restinguere.</strong></span> <span class='ocrx_word' id='word_1_279' title='bbox 941 4423 950 4470; x_wconf 81' lang='grc' dir='ltr'><strong>ΙΙ</strong></span> <span class='ocrx_word' id='word_1_280' title='bbox 966 4421 1067 4472; x_wconf 81' lang='lat' dir='ltr'><strong>Bayeux.</strong></span> 
     </span>
    </p>
   </div>
   <div class='ocr_carea' id='block_1_8' title="bbox 768 4471 808 4532">
    <p class='ocr_par' dir='ltr' id='par_1_8' title="bbox 768 4471 808 4532">
     <span class='ocr_line' id='line_1_36' title="bbox 768 4471 808 4532; baseline 0 0"><span class='ocrx_word' id='word_1_281' title='bbox 768 4471 808 4532; x_wconf 77' lang='lat'><strong>12</strong></span> 
     </span>
    </p>
   </div>
   <div class='ocr_carea' id='block_1_9' title="bbox 0 0 1635 5170">
    <p class='ocr_par' dir='ltr' id='par_1_9' title="bbox 0 0 1635 5170">
     <span class='ocr_line' id='line_1_37' title="bbox 0 0 1635 5170; baseline 0 0"><span class='ocrx_word' id='word_1_282' title='bbox 0 0 1635 5170; x_wconf 95' lang='lat' dir='ltr'><strong> </strong></span> 
     </span>
    </p>
   </div>
  </div>
 </body>
</html>
