3212 5206
245 555 271 595 A.
281 553 307 595 D.
324 555 424 604 dimit]
650 554 830 596 CHRONICON.
1271 555 1296 592 29

245 691 431 769 exercitum,
470 690 665 776 aliquantula
706 714 783 778 pace
824 689 943 779 potitus
980 688 1096 754 multas
1132 689 1296 753 fabricavit

245 804 404 884 ecclesiaS,
432 817 465 868 et
499 803 714 869 Christianam
743 803 903 890 ampliavit
940 802 1136 889 religionem.
1196 803 1294 865 Anno

245 931 352 983 autem
368 919 457 1004 regni
472 917 522 980 sui
535 939 622 981 nono
637 939 656 980 a
670 915 780 980 Penda
794 939 868 1002 rege
890 917 1085 980 Merciorum
1111 931 1295 999 peremptus

245 1028 393 1094 occubuit
406 1051 415 1105 ;
438 1040 471 1092 et
485 1039 606 1114 martyr
623 1024 745 1092 Christi
759 1027 889 1092 effectus
904 1040 961 1092 est.
1009 1023 1073 1091 Cui
1088 1026 1239 1090 successit

287 1141 371 1207 VII.
389 1142 526 1222 Oenius,
557 1142 611 1226 qui
642 1141 758 1206 devicit
788 1139 976 1227 praedictum
1007 1137 1153 1203 Peudam
1185 1159 1294 1224 regem

245 1251 442 1319 Marciorum
463 1266 497 1319 et
527 1253 662 1332 occidit3
707 1274 744 1318 ac
783 1250 901 1317 deinde
935 1250 994 1316 toti
1027 1249 1203 1316 Britanniae
1234 1249 1292 1313 im-

242 1365 372 1449 peravit.
389 1369 410 1439 †
427 1364 588 1452 Regnavit
610 1379 719 1430 autem
742 1364 834 1428 anuis
857 1362 972 1450 viginti
995 1373 1028 1427 et
1042 1374 1125 1440 octo,
1140 1374 1174 1427 et
1198 1359 1290 1425 obiit.

244 1476 304 1541 Cui
323 1477 473 1542 successit

285 1586 380 1652 VIII.
419 1587 581 1676 Egiridus.
637 1587 702 1654 Hic
731 1588 862 1652 beatum
886 1585 1068 1675 wilfridum
1088 1607 1148 1650 suo
1170 1582 1294 1670 expulit

243 1723 262 1764 a
283 1722 393 1786 regno,
416 1714 450 1764 et
469 1713 615 1765 sanctum
641 1700 858 1765 Cuthbertum
878 1712 993 1788 agente
1016 1697 1189 1764 Theodoro
1209 1698 1294 1762 Cau·

246 1811 398 1875 tuariensi
413 1811 561 1899 episcopo
575 1813 609 1875 in
625 1812 845 1899 episcopatum
866 1811 1032 1896 promovit.
1080 1810 1155 1886 Hic,
1171 1810 1205 1872 in
1219 1830 1295 1894 sup-

243 1921 345 2008 plices'
363 1935 537 2007 protervus,
560 1922 594 1985 in
618 1920 751 1986 rebelles
774 1923 909 2008 ignavus
931 1933 1007 1986 erat.
1063 1919 1293 1984 Hibernieuses

242 2033 409 2110 contrivit3
447 2032 504 2098 sed
533 2032 730 2098 Merciorum
759 2055 894 2118 regnum
924 2033 1039 2097 amisit.
1095 2031 1195 2096 Anno
1218 2054 1294 2096 vero

242 2145 333 2232 regui
362 2144 412 2209 sui
443 2143 555 2230 quinto
584 2144 709 2208 decimo
738 2144 977 2231 expeditionem
998 2145 1034 2209 in
1056 2142 1165 2208 Pictos
1187 2166 1293 2229 agens,

241 2256 370 2322 interiit
417 2257 479 2323 Cui
495 2258 646 2322 successit

285 2367 342 2433 IX.
367 2368 512 2434 Alfiidus
526 2369 623 2434 frater
636 2370 715 2456 ejus,
731 2381 765 2434 et
778 2381 850 2455 post
863 2391 964 2434 annos
986 2368 1100 2433 decem
1121 2380 1154 2433 et
1175 2389 1292 2432 novem

241 2479 275 2543 in
290 2502 366 2567 pace
382 2482 478 2546 vitam
495 2481 606 2546 finivit.
663 2482 728 2547 Hic
743 2482 853 2547 habuit
867 2503 1082 2546 successorem
1103 2479 1217 2559 filium,
1235 2477 1292 2543 sed

225 2593 421 2678 puerulum,

284 2704 322 2768 X.
364 2703 535 2782 osredum,
583 2705 639 2789 qui
676 2719 748 2789 post
783 2726 884 2768 annos
919 2702 1069 2769 undecim
1108 2716 1292 2790 peremptus

242 2813 369 2878 interiit.
408 2815 470 2878 Cui

284 2922 342 2990 XI.
367 2923 540 2990 Kenredus
555 2925 736 3003 succedens,
752 2939 824 3012 post
837 2947 937 2991 anuos
953 2925 1033 2991 duos
1048 2926 1137 2992 obiit.

285 3035 362 3100 XII.
386 3034 430 3100 Et
447 3035 578 3119 Osricus
593 3036 627 3102 iu
642 3059 751 3126 regem
765 3038 895 3118 levatur,
905 3053 938 3104 et
948 3052 1020 3127 post
1030 3061 1131 3105 annos
1142 3039 1292 3105 undecim

238 3159 383 3212 mortuus
398 3160 455 3220 est.
499 3149 544 3213 Et
558 3146 675 3213 deinde

281 3256 376 3323 XIII.
416 3256 594 3324 Ceolwult'o
623 3258 714 3346 regni
743 3262 836 3325 cessit
864 3261 1042 3328 haereditas.
1089 3261 1175 3327 Huic
1199 3262 1290 3329 Beda

237 3371 403 3457 presbyter
417 3369 581 3435 historiam
596 3371 724 3458 scripsit
746 3372 938 3460 Anglorum,
950 3375 968 3410 ⁴*
989 3388 1025 3440 ut
1043 3390 1210 3463 eapropter
1229 3377 1290 3441 im-

238 3483 362 3568 perium
385 3482 557 3560 roboraret,
575 3495 608 3547 et
629 3482 741 3569 populi
764 3483 932 3570 ingenium
953 3485 1156 3564 emendaret;
1189 3510 1287 3573 quam

238 3594 400 3659 mediante
415 3593 536 3688 pilbino
550 3595 663 3660 abbate
678 3597 780 3660 sancti
799 3596 976 3684 Augustini
997 3599 1242 3678 Cautuariensis‚
1255 3614 1288 3666 et

238 3705 412 3772 Nothelmo
446 3709 630 3795 presbytero
668 3707 903 3774 Londonieusis
943 3709 1083 3776 ecclesiae
1119 3711 1286 3777 didicerat.

262 3909 274 3952 t
289 3908 361 3948 “This
369 3908 479 3956 Morum,
487 3907 583 3948 arterhm
590 3908 672 3957 victory
682 3919 734 3947 over
743 3909 822 3956 Panda,
832 3911 845 3931 ‘⁶
852 3919 876 3947 aa
884 3908 912 3947 hc
924 3908 967 3948 had
975 3908 1090 3958 promised,
1097 3919 1151 3958 gaue
1159 3909 1234 3950 landet
1242 3912 1286 3951 aud

235 3979 309 4026 reutys
317 3979 339 4015 to
347 3976 426 4025 buylda
435 3975 523 4016 XXXII
533 3976 625 4025 Abbeya,
634 3976 765 4016 whereorv1
774 3977 858 4016 varein
864 3977 901 4016 the
908 3977 1010 4026 province
1019 3977 1044 4016 ot
1052 3977 1157 4025 Remota,
1169 3980 1212 4020 and
1224 3980 1255 4019 VI
1264 3979 1288 4018 iu

235 4044 272 4084 tha
281 4044 384 4093 province
392 4044 416 4082 of
423 4043 508 4082 Deira.”
534 4043 651 4083 Fruunu's
660 4045 751 4083 cirron.
760 4054 781 4092 p.
792 4046 834 4083 119.

262 4114 275 4136 ¹
289 4115 302 4134 “
312 4111 504 4160 colwolfreygued
516 4111 539 4150 iu
554 4112 760 4160 Northumberland‚
769 4116 790 4152 to
799 4113 871 4152 whom
884 4113 935 4162 holy
949 4114 1008 4154 Beda
1020 4117 1086 4154 wrote
1094 4115 1130 4154 the
1144 4117 1204 4164 story
1218 4114 1286 4153 called

235 4179 353 4219 Hrtronrr
368 4179 531 4219 Aronrcaua.”
557 4179 663 4227 Fumat,
675 4190 697 4229 p.
713 4181 756 4219 ¹³5.
808 4180 937 4222 ‘'Auuoltl.
952 4181 1034 4222 Eodem
1043 4192 1100 4221 anuo
1113 4182 1172 4222 Beda
1185 4181 1290 4221 virvene-

234 4246 313 4295 rabilia,
323 4249 344 4287 at
352 4251 424 4288 mente
430 4257 517 4297 temper
524 4248 625 4296 coelestiu
634 4248 683 4289 coell
695 4249 775 4299 palatia
784 4249 928 4291 consceudtt.¹'
941 4251 1034 4291 From
1048 4251 1107 4291 flur.
