3252 5170
364 527 427 589 154
808 548 984 594 exesurus

407 693 596 774 Edwardus,
615 695 701 760 filius
722 679 952 786 Edgari‘regis,
974 698 1030 783 qui
1049 697 1167 764 dicitur
1187 698 1334 774 Sanctus,
1349 718 1423 784 reg-

351 805 441 871 navit
470 828 528 891 pro
580 820 669 928 pape
699 829 766 873 suo.
830 808 933 896 Cujus
961 809 1052 895 regni
1088 807 1245 893 principio
1275 808 1424 894 apparuit

355 929 489 994 cometa,
510 916 637 1003 signum
650 919 770 984 scilieet
779 920 926 985 maximoe
939 919 1035 984 samis
1049 940 1121 1003 qura
1131 919 1166 983 in
1178 940 1263 984 anno
1274 917 1424 1002 sequenti

357 1039 493 1111 sequuta
514 1040 570 1091 est.
898 1003 912 1058 l
1092 1091 1098 1114 Ι

410 1137 577 1203 Ethelredi
599 1139 684 1225 regis
705 1160 791 1203 anno
813 1140 907 1204 tertio
929 1139 1056 1204 decimo
1077 1139 1217 1225 primum
1238 1149 1422 1204 statuerunt

343 1248 468 1335 -Angli‚
498 1246 630 1314 oonsilio
661 1250 801 1314 infausto
829 1248 944 1316 Sirichi
973 1249 1212 1336 archiepiscopi,
1240 1249 1326 1333 quod
1356 1250 1419 1334 ipsi

357 1358 456 1424 Dacis
482 1379 615 1423 censum
629 1358 855 1443 persolverent,
871 1359 1020 1443 quatinus
1033 1381 1052 1423 a
1068 1359 1187 1445 rapinis
1201 1372 1235 1424 et
1249 1358 1336 1424 crede
1352 1381 1421 1425 ces-

354 1481 470 1546 sarent,
498 1480 531 1532 et
545 1467 705 1533 dederunt
734 1468 848 1534 decem
877 1470 977 1534 millia
998 1470 1162 1536 librarum.
1210 1469 1283 1534 Hoc
1306 1483 1417 1534 autem

356 1580 481 1646 malum
491 1580 636 1664 usquein
651 1579 843 1644 hodiernum
859 1580 947 1644 diem
962 1580 1098 1660 duravit,
1109 1593 1142 1646 et
1157 1580 1224 1657 diu,
1236 1581 1297 1644 nisi
1314 1581 1417 1668 pietas

355 1690 419 1756 Dei
447 1690 626 1767 subveniat,
652 1688 789 1755 durabit
837 1687 982 1775 Regibus
1005 1712 1144 1774 namque
1175 1690 1291 1754 nostris
1319 1691 1418 1755 modo

356 1800 565 1890 persolvimus
580 1821 621 1865 ex
636 1798 881 1877 consuetudine,
897 1799 985 1884 quod
1000 1800 1098 1866 Dacis
1113 1800 1352 1887 persolvebatur
1372 1823 1415 1865 ex

356 1910 515 1978 ineffabili
532 1923 663 1975 terrore.

401 2021 479 2087 Post
508 2019 725 2106 proditionem
754 2032 787 2085 et
809 2019 1002 2084 occisionem
1025 2042 1122 2104 quam
1143 2041 1200 2086 rex
1222 2019 1417 2086 Ethelredus

358 2132 433 2197 fecit
455 2132 495 2196 de
517 2131 629 2209 Danis,
653 2137 743 2195 tanta
764 2127 920 2194 desolatio
941 2130 1034 2195 famis
1058 2129 1259 2196 Britanniam
1289 2131 1416 2208 invasit,

357 2254 485 2328 quantae
499 2241 607 2307 nullus
621 2240 789 2305 hominnm
806 2240 989 2304 meminisse
1004 2240 1120 2325 potuit.

402 2353 481 2418 Post
496 2353 557 2417 hoo
573 2364 699 2436 tempus
713 2371 779 2414 non
794 2349 889 2436 longe
905 2372 992 2415 mare
1007 2350 1182 2416 ascendens
1196 2350 1290 2417 solito
1306 2371 1417 2438 super·

357 2465 409 2530 ius
423 2462 514 2528 villas
529 2483 602 2528 oum
618 2458 738 2547 populo
749 2458 918 2524 submersit
932 2460 1112 2525 innumero.
