3212 5206
314 452 338 494 ll
642 459 769 502 nantuel
784 461 824 503 DE
837 463 1002 505 SILEGRAVE
1282 472 1320 522 Ji.
1332 471 1359 515 D.

314 593 491 661 Ecclesiam
521 619 647 685 quoque
674 603 820 671 fundavit
850 608 953 674 sancti
982 607 1124 676 Andreae
1160 614 1295 698 apostoli
1331 617 1366 681 in

309 707 436 772 civitate
453 707 609 789 Rollcnsi,
628 725 661 778 et
676 716 844 782 ecclesiam
859 720 960 784 sancti
976 720 1068 785 Pauli
1083 723 1116 784 in
1133 722 1260 789 civitate
1277 723 1364 792 Lon-

308 818 463 903 dineusi.‡
487 821 579 888 Obiit
593 837 702 892 autem
717 849 773 894 rex
787 829 992 896 Ethclbertus
1003 825 1087 896 anno
1101 833 1203 918 primo
1216 836 1364 904 vicesimo

306 942 378 1016 post
408 945 572 1018 acceptam
598 935 705 1014 fidem,
721 939 812 1024 regni
836 963 912 1005 vero
938 941 998 1021 sui,
1025 942 1202 1008 secundum
1228 944 1364 1027 Bedam,

307 1043 569 1130 quinquagesimo
584 1061 695 1128 sext03
742 1072 827 1116 anno
842 1052 962 1118 scilicet
976 1053 1109 1118 Domini
1134 1059 1364 1127 sexcentesimo

304 1154 543 1234 sextodecimo,
560 1169 593 1223 et
616 1159 759 1246 sepultus
781 1163 878 1227 estin
894 1163 1025 1229 ecclesia
1039 1165 1254 1251 apostolorum
1269 1168 1359 1236 Petri

304 1281 337 1332 et
349 1266 451 1344 Pauli,
468 1289 564 1354 quam
580 1269 647 1356 ipsc
670 1270 858 1338 fundaverat
879 1286 968 1340 extra
987 1276 1158 1354 civitatem,
1178 1300 1272 1362 quam
1285 1285 1360 1348 bea-

306 1390 357 1442 tus
372 1378 572 1455 Laurentius,
589 1401 749 1444 successor
764 1384 949 1470 Augustini,
966 1384 1135 1453 dedicavit.

345 1491 406 1558 VI.
430 1483 620 1558 Eadbaldus¹
634 1491 740 1578 igitur,
753 1493 834 1560 filius
851 1495 1038 1575 Ethelberti,
1055 1500 1135 1583 patri
1151 1503 1301 1568 suecessit
1322 1505 1356 1568 in

300 1629 436 1696 regnum
448 1632 457 1686 3
481 1611 537 1696 qui
560 1610 635 1676 licet
656 1611 690 1675 in
713 1611 825 1694 primis
847 1612 939 1674 annis
960 1609 1099 1676 lubricus
1122 1626 1205 1678 esset
1227 1628 1260 1680 et
1281 1638 1357 1680 con·

300 1732 439 1805 temptor
448 1721 637 1788 Christianae
647 1723 819 1809 religionis,
831 1743 980 1786 unacum
993 1723 1093 1787 tribus
1105 1723 1178 1788 filiis
1196 1725 1353 1812 Sigeberti

301 1833 383 1918 regis
401 1832 613 1898 Orientalium
640 1833 813 1909 Saxonum,
825 1855 883 1917 per
899 1832 1110 1899 Laurentium
1127 1847 1232 1900 tamen
1249 1838 1349 1902 archi-

298 1943 482 2028 episcopum
499 1943 540 2006 ad
572 1941 846 2008 Christianitatem
877 1965 1054 2021 conversus,
1086 1946 1261 2030 baptizatus
1296 1962 1353 2012 est.

299 2051 373 2130 Hic,
391 2053 534 2137 quamvis
563 2075 630 2117 non
649 2052 769 2117 valeret
780 2053 934 2138 attingere
944 2053 986 2116 ad
997 2065 1165 2136 paternum
1178 2056 1350 2142 fastigium,

297 2167 388 2232 avitis
415 2165 531 2230 finibus
554 2165 607 2230 vix
632 2186 715 2252 aegre
746 2164 887 2243 retentis,
910 2165 1139 2230 monasterium
1155 2167 1241 2250 quod
1263 2180 1352 2255 pater

295 2278 365 2363 ejus
383 2275 579 2352 fundaverat,
606 2274 746 2339 donariis
770 2273 883 2360 amplis
912 2273 1088 2340 illustravit
1145 2277 1207 2342 Hic
1237 2279 1349 2345 habuit

297 2409 433 2453 uxorem
460 2387 610 2452 Emmam
633 2385 763 2450 nomine
787 2385 886 2449 filiam
909 2386 992 2472 regis
1007 2385 1211 2466 Francorum,
1227 2390 1267 2455 de
1283 2414 1346 2475 qua

295 2501 408 2588 genuit
423 2487 667 2564 Ercombertum
693 2505 725 2562 et
748 2496 994 2575 Ermenredum,
1010 2510 1043 2562 et
1066 2498 1169 2564 filiam
1195 2500 1346 2568 Witham.

297 2612 458 2700 Regnavit
474 2610 657 2680 Eadbaldus
672 2609 765 2676 annis
777 2610 907 2696 triginta
922 2622 1066 2695 quatuor,
1088 2611 1240 2695 obiitque,
1256 2627 1288 2678 et
1300 2635 1347 2679 se-

294 2724 403 2812 pultus
425 2737 473 2790 est
490 2727 585 2813 juxta
606 2736 737 2811 patrem.

337 2835 415 2901 VII.
434 2835 662 2902 Ercombertus
681 2836 771 2901 filius
795 2837 863 2920 ejus
885 2835 968 2922 patri
986 2836 1137 2902 successit
1151 2837 1185 2901 in
1196 2857 1341 2924 regnum.

295 2947 360 3014 Hic
378 2969 477 3032 quum
510 2959 593 3013 esset
628 2946 751 3011 Christi
781 2946 935 3036 religipne
969 2947 1113 3032 insignis,
1145 2970 1203 3032 per
1240 2961 1345 3016 totum

291 3081 428 3148 regnum
460 3059 546 3124 idola
578 3059 745 3136 destruxit,
777 3071 810 3123 et
836 3057 998 3144 jejunium
1022 3057 1344 3144 quadragesimale,il

290 3171 440 3259 pracepit
454 3170 621 3248 observari,
637 3169 825 3254 meliorique
839 3168 979 3255 auspicio
991 3169 1073 3234 rexit
1086 3190 1233 3256 regnum,
1246 3193 1342 3256 quam

289 3297 380 3372 pater
393 3286 472 3372 ejus.
519 3283 643 3350 Habuit
665 3283 718 3347 hic
740 3304 875 3347 uxorem
896 3280 998 3346 liliam
1021 3282 1104 3368 regis
1128 3281 1343 3350 Orientalium

290 3396 473 3485 Anglorum
504 3398 619 3475 Annae,
654 3394 853 3480 Sexburgam
879 3395 1020 3471 nomine,
1045 3415 1116 3478 qute
1152 3393 1269 3460 devota
1305 3397 1340 3462 in

288 3509 397 3573 Deum
417 3507 563 3574 fundavit
581 3519 614 3572 et
636 3507 712 3572 iecit
733 3507 899 3572 ecclesiam
925 3505 959 3568 in
982 3504 1085 3569 insula
1118 3527 1190 3589 quae
1223 3505 1341 3572 dicitur

289 3619 451 3704 Scapeia,ll
491 3618 526 3682 in
564 3607 627 3702 qua
648 3595 937 3681 sanctimonialium
973 3616 1110 3682 instituit
1132 3631 1336 3683 conventum:

312 3896 346 3945 υ·
354 3894 399 3935 But
406 3891 578 3941 olthsbutldlng
589 3889 655 3931 citha
662 3891 747 3932 chureh
754 3889 806 3930 ors.
816 3889 882 3930 Paule
891 3889 968 3940 dyuars
976 3888 1074 3938 optntons
1090 3890 1123 3930 be.
1158 3890 1199 3930 For
1208 3900 1266 3931 tomo
1278 3889 1339 3930 write

283 3971 407 4014 thatltwu
414 3967 535 4017 bulldodby
542 3966 637 4018 Slgebert
642 3965 732 4016 kynssof
739 3964 894 4016 nutantum·
922 3964 1039 4015 [Gralton’s
1049 3965 1125 4006 cliton.
1136 3965 1186 4007 Vol.
1195 3969 1213 4006 1.
1221 3976 1243 4016 p.
1253 3966 1307 4013 Ile]

313 4073 330 4115 t
337 4071 383 4112 ms
392 4070 443 4110 Fut
450 4070 476 4110 ot
481 4067 543 4109 lant.

311 4176 320 4223 1
338 4173 383 4214 The
398 4169 579 4219 nuotsneppsy.
