3212 5206
326 458 351 496 4²
665 453 791 494 HENRICI
806 453 845 494 DE
858 451 1005 494 altoltttvn
1206 453 1270 504 [AD.
1284 456 1374 496 8⁵ll866.

326 592 412 679 ginae
433 588 626 655 conscientia
656 600 907 675 praegustaverat.
952 587 1081 654 Esfusus
1102 609 1177 676 ergo
1199 611 1306 654 rumor
1327 589 1367 654 de

327 704 436 790 regina
457 702 490 765 in
513 700 636 788 vulgus,
660 701 830 766 veneficam
851 724 869 765 a
890 721 988 789 regno
1009 699 1161 765 excedere
1176 701 1287 789 coegit
1326 701 1370 766 At

328 814 436 880 illaad
454 812 604 879 Carolum
622 812 779 900 Magnum
793 811 1130 898 profecta,forteillum
1142 834 1216 878 cum
1228 835 1292 877 uno
1303 813 1366 878 filio

329 940 466 992 stantem
481 926 613 991 invenit.
649 926 756 993 Quam
771 927 957 1010 Imperator,
972 924 1169 990 ludibundus
1183 939 1216 990 et
1226 927 1301 1012 joco
1310 925 1376 1012 ple-

267 1039 271 1046 ’
330 1061 401 1115 nus,
416 1060 498 1115 eam,
514 1060 610 1122 quem
625 1036 742 1115 mallet,
758 1036 809 1101 vel
822 1059 855 1101 se
870 1036 921 1102 vel
943 1035 1052 1114 filium,
1067 1035 1183 1124 eligere
1209 1037 1368 1125 praecepit.

331 1149 426 1214 Tunc
438 1147 612 1235 Eadburga
621 1150 774 1235 juvenem
788 1147 936 1234 eligente,
949 1147 1078 1214 Carolus
1098 1148 1244 1214 nonnihil
1264 1162 1370 1213 motus

307 1259 504 1347 respondit,
532 1259 598 1324 “Si
627 1283 678 1324 ine
708 1259 864 1348 elegisses,
890 1259 992 1326 filium
1021 1284 1129 1326 meum
1158 1263 1193 1326 in
1230 1262 1379 1326 maritum

332 1372 478 1437 habitura
493 1393 589 1447 csses3
614 1370 668 1436 sed
684 1371 757 1456 quia
776 1372 876 1437 filium
895 1395 1002 1437 meum
1022 1372 1154 1460 elegisti,
1163 1395 1224 1438 nec
1243 1395 1295 1437 me
1315 1394 1375 1437 nec

333 1486 422 1550 illum
437 1485 595 1550 habebis.”
655 1486 761 1572 Hujus
775 1486 896 1552 malitia
906 1486 1041 1572 perculsi
1059 1488 1198 1552 Saxones
1211 1485 1375 1552 decretum

334 1597 420 1682 quod
429 1597 506 1675 dixi,
519 1597 737 1684 protulerunt3
761 1597 861 1663 sedid
870 1597 1079 1665 Ethelwulfus
1089 1599 1267 1664 infirmavit.
1315 1596 1380 1663 Hic

333 1711 442 1798 itaque
464 1723 538 1774 ante
560 1723 695 1775 mortem
719 1723 942 1777 testamcutum
971 1711 1057 1786 fecit,
1080 1735 1153 1796 quo,
1175 1723 1247 1797 post
1274 1709 1381 1775 divisi-

335 1845 430 1887 onem
454 1823 546 1909 regni
567 1822 652 1887 inter
667 1820 892 1888 Ethelbaldum
916 1835 950 1888 et
963 1823 1184 1889 Ethelbertum
1199 1822 1289 1899 lilios,
1306 1821 1380 1886 filiae

336 1957 462 2019 quoque
478 1934 587 1999 dotem
601 1934 804 1998 confirmavit.
850 1934 913 2000 Iste
926 1933 1135 2000 Ethelwulfus
1150 1934 1190 1999 de
1205 1933 1297 1998 donis
1317 1947 1380 1999 ter·

337 2067 378 2111 rm
392 2067 468 2126 suae,
481 2044 601 2110 scilicet
616 2043 656 2108 de
672 2043 796 2108 decima
808 2044 894 2123 hida,
903 2045 1015 2112 viduas
1025 2046 1174 2112 videlicet
1183 2059 1216 2110 et
1227 2067 1380 2134 pauperes

251 2146 254 2154 ¹
339 2203 837 2223 ......
882 2157 1019 2223 vestium
1033 2180 1070 2223 ae
1084 2157 1192 2222 cibarii
1206 2159 1356 2244 praecepit
1367 2180 1376 2232 ;

337 2291 375 2334 ac
390 2269 532 2334 chartam
543 2268 662 2335 eisdem
677 2269 718 2334 dc
738 2270 849 2335 eadem
864 2291 898 2334 re
919 2271 1106 2355 composuit,
1128 2285 1160 2336 et
1174 2292 1269 2357 super
1282 2269 1378 2334 altare

338 2381 466 2467 capitali
488 2382 522 2445 iu
536 2367 704 2446 Wiutonia
727 2381 851 2458 obtulit,
867 2404 951 2446 anno
966 2383 1099 2447 Domini
1118 2381 1379 2469 octingentesimo

338 2494 578 2582 quadragesimo
601 2506 722 2579 quarto,
737 2493 910 2558 indictione
934 2508 1054 2578 quarta,
1079 2493 1182 2559 Nonis
1203 2494 1378 2558 Novembr.

341 2605 441 2671 Omni
456 2607 553 2671 etiam
568 2629 653 2671 auno
663 2619 818 2672 trecentas
828 2607 896 2671 auri
905 2628 1025 2672 marcas
1029 2607 1123 2694 jussit
1135 2605 1271 2672 Romam
1281 2606 1383 2681 mitti;

340 2742 474 2804 quarum
484 2732 614 2784 centum
626 2720 719 2784 beato
736 2718 978 2797 Petro‚ccntum
995 2720 1088 2784 beato
1106 2718 1207 2784 Paulo
1226 2718 1268 2784 ad
1289 2718 1384 2782 lumi·

339 2833 437 2909 naria,
458 2844 589 2897 centum
603 2833 698 2895 etiam
720 2830 890 2918 apostolico
908 2830 949 2895 ad
972 2831 1102 2896 donaria
1121 2831 1384 2919 expenderentur.

341 2944 395 3008 Ab
432 2943 494 3008 hoc
520 2942 699 3030 Anglorum
733 2942 824 3030 Rege
858 2943 1005 3008 chronica
1034 2945 1129 3008 refert
1162 2943 1381 3032 genealogiam

340 3078 441 3141 usque
457 3055 498 3120 ad
513 3054 628 3120 Adam.
684 3053 792 3141 Hujus
807 3054 903 3118 etiam
918 3077 1002 3119 anno
1017 3056 1106 3142 regni
1121 3068 1232 3120 octavo
1254 3054 1377 3120 decimo

342 3169 421 3233 obiit
436 3167 615 3247 Lotharius‚
629 3190 648 3232 a
663 3190 726 3251 quo
737 3166 964 3253 Lotharingiap
974 3188 1091 3231 nomen
1106 3167 1212 3245 habet,
1228 3166 1312 3232 filius
1322 3167 1384 3232 Lo-

342 3280 446 3347 dovici
461 3281 515 3369 pii,
527 3280 583 3346 filii
595 3279 700 3346 Caroli
714 3278 834 3367 Magni,
849 3278 940 3366 regni
954 3278 1004 3344 sui
1018 3279 1175 3345 tricesimo
1187 3280 1289 3345 tertio.

538 3561 591 3625 Du
614 3559 847 3626 Ernnusnnno
875 3581 919 3625 nu
945 3559 1185 3626 Eunsunun'm.

387 3696 485 3760 Anno
515 3695 691 3761 Dominicae
706 3693 936 3760 Incarnationis
956 3696 1219 3783 octingentesimo
1242 3699 1386 3786 septimo,

345 3806 410 3872 duo
444 3806 499 3872 filii
532 3805 721 3884 Ethelwulfi,
748 3828 884 3893 regnum
915 3807 1095 3894 partientes,
1112 3807 1320 3874 Ethelbaldus
1355 3810 1390 3873 in

344 4003 417 4050 lande,
425 4002 459 4042 hla
468 4001 530 4052 wyte,
539 4001 618 4051 namyd
626 4001 763 4050 Ethelburga,
772 4003 809 4040 not
821 4000 873 4040 with
880 4001 932 4050 hym
940 4000 1062 4050 contentyd,
1072 4011 1095 4040 aa
1104 4001 1142 4040 she
1151 4000 1218 4050 ought
1226 4003 1248 4040 to
1259 4001 1292 4048 be,
1302 4001 1392 4049 soughte

347 4071 426 4119 dyvers
434 4079 503 4118 waycs
512 4069 555 4108 and
563 4079 649 4108 meones
657 4069 707 4107 how
715 4068 754 4108 she
761 4068 837 4117 myght
844 4068 925 4116 brycge
932 4067 966 4106 hir
974 4067 1033 4107 lorda
1040 4069 1078 4106 out
1089 4066 1112 4106 ol
1119 4067 1170 4116 tyre,
1177 4066 1254 4106 sothat
1262 4066 1335 4116 finally
1349 4068 1388 4106 alre

346 4137 455 4187 poysouyd
461 4137 513 4186 hym
519 4136 572 4176 with
579 4147 644 4186 many
650 4135 710 4176 other
716 4135 777 4175 ornis
783 4134 901 4174 household
907 4143 985 4185 meyny
991 4132 1152 4182 (attendants).”

1000 4201 1117 4242 riurano
1130 4201 1221 4241 ennox,
1233 4210 1254 4251 p.
1270 4202 1313 4242 lto.

427 4273 437 4321 t
451 4271 557 4312 Lorruine.
