3212 5206
239 463 265 503 s.
279 461 306 502 n.
320 461 411 510 sss-sse]
671 449 849 499 cunonicou.
1255 454 1281 492 ss

239 599 491 677 West-Saxonie,
522 599 725 666 Ethelbertus
753 600 787 666 in
817 599 938 676 Cantia,
968 609 1188 685 regnaverunt
1234 599 1279 662 At

240 711 448 777 Ethelbaldus
476 712 616 798 perfidus
644 715 739 799 patris
768 714 896 779 thorum
925 711 1058 800 polluit3
1103 724 1136 775 et
1164 709 1281 774 Judith

240 845 418 901 novercam,
439 837 510 908 post
545 824 668 888 obitum
704 825 810 910 patris,
834 825 867 888 in
904 823 1086 909 conjugium
1122 822 1274 906 sumpsit:

240 933 296 1000 sed
311 947 381 1022 post
396 935 650 1020 quinquennium
663 935 842 1014 defunctus,
858 935 943 1020 apud
967 934 1158 1000 Sbireburne
1173 934 1279 1021 sepul·

240 1059 293 1110 tus
328 1058 384 1110 est.
430 1043 506 1110 Toti
540 1067 639 1133 regno
674 1046 770 1112 frater
804 1047 902 1134 ipsius
939 1045 1112 1133 imperavit.
1170 1044 1276 1131 Hujus

241 1171 383 1244 tempore
393 1156 510 1243 piratae,
526 1157 647 1242 appulsi
663 1158 902 1243 Hamptoniam,
921 1157 1120 1222 Wintoniam
1141 1155 1272 1242 direpti-

238 1272 293 1338 oni
300 1270 489 1346 dederunt.†
520 1271 585 1337 Sed
594 1274 843 1338 moxaducibus
854 1272 947 1360 regiis
956 1273 1065 1360 fugati,
1075 1272 1274 1358 circumgira-

242 1398 275 1449 to
293 1383 416 1470 pelago,
439 1385 575 1450 Tanatos
597 1385 742 1464 insulam,
766 1407 838 1470 quae
858 1385 890 1449 in
914 1383 1031 1449 Cantia
1045 1399 1101 1462 est,
1118 1382 1284 1471 elegerunt

242 1495 283 1560 ad
307 1494 524 1572 biemandum,
546 1494 628 1560 datis
652 1495 771 1561 scilicet
794 1495 956 1561 obsidibus
983 1495 1196 1574 Cantusritis3
1226 1495 1281 1560 sed

242 1621 351 1694 postes
364 1607 462 1673 fraoto
484 1606 602 1672 foedere
625 1619 723 1672 totam
745 1607 905 1693 regionem
922 1606 1102 1682 vastabant3
1127 1627 1282 1692 quaprop-

244 1734 293 1783 ter
326 1719 492 1805 fidefregos
520 1717 720 1803 expulerunt.
782 1719 830 1782 At
859 1716 1063 1782 Ethelbertus
1091 1716 1226 1782 dulciter
1255 1732 1287 1783 et

244 1851 371 1896 strenue
386 1853 520 1918 regnum
531 1808 720 1907 moderatus,
735 1843 857 1894 naturae
878 1828 1022 1894 debitum
1043 1827 1144 1907 solvit,
1167 1841 1200 1894 et
1216 1843 1287 1914 post

244 1944 334 2030 regni
356 1942 612 2031 quinquennium
636 1939 849 2008 Shireburniae
871 1940 1013 2028 sepultus
1035 1954 1093 2005 est.

564 2238 619 2305 Ds
642 2238 852 2305 Euusnsnno
874 2258 970 2304 unes.

289 2370 388 2435 Anno
403 2368 535 2434 Domini
556 2369 819 2457 octingentesimo
838 2368 1032 2452 sexagesimo
1047 2367 1192 2454 septimo,
1209 2365 1289 2432 Eth-

246 2479 372 2545 elredus
401 2478 483 2544 lilius
515 2477 697 2546 Ethelwulfi
724 2493 892 2566 paternum
914 2501 1049 2567 regnum
1072 2478 1209 2544 obtinuit
1238 2500 1291 2542 eo-

246 2591 321 2657 dem
358 2613 492 2656 numero
528 2614 591 2676 quo
627 2591 745 2656 fratres.
802 2593 867 2658 Qui
903 2591 986 2655 infra
1028 2613 1128 2655 unum
1169 2613 1292 2654 annum

247 2702 357 2766 novies
400 2701 543 2764 conflixit
586 2723 660 2764 cum
702 2701 820 2776 Danis;
853 2723 872 2766 a
902 2723 1036 2784 quorum
1075 2713 1163 2784 parte
1196 2701 1291 2764 inter-

249 2811 325 2875 fecti
339 2822 416 2875 sunt
429 2810 560 2876 comites
574 2833 698 2889 novem,
714 2833 769 2878 rex
783 2834 876 2892 unus,
888 2835 924 2876 ec
939 2811 1027 2896 plebs
1042 2811 1287 2877 innumerabilis.

252 2921 414 3008 Siquidem
458 2923 652 3009 temporibus
686 2924 830 3009 ejusdem
865 2925 948 3012 regis
986 2925 1204 3012 martyrizatus
1244 2940 1293 2991 est

248 3046 374 3099 sanctus
384 3031 593 3113 Eumenius-3
609 3046 703 3118 atque
715 3033 926 3100 Orientalium
938 3037 1119 3124 Anglorum
1129 3037 1202 3122 pegi
1213 3060 1287 3102 cum

249 3145 379 3212 urbibus
393 3157 427 3210 et
440 3145 517 3210 vicis
531 3168 550 3209 a
564 3147 763 3233 praedonibus
774 3149 916 3235 possessi,
932 3170 1016 3213 enno
1031 3147 1178 3213 videlicet
1190 3148 1291 3213 Dom-

249 3257 295 3323 ini
309 3256 571 3343 ootingentesimo
586 3255 727 3321 LXXII.
792 3257 826 3322 N
827 3258 1034 3323 ortbanimbri
1049 3281 1174 3342 quoque
1189 3258 1286 3322 civili-

251 3368 309 3434 bus
330 3368 575 3434 dissentionibus
595 3356 796 3446 fiuctuantes,
817 3369 1004 3434 adveniente
1025 3370 1125 3447 hoste,
1148 3391 1286 3434 correns·

278 3603 289 3646 i
304 3601 372 3642 These
384 3601 483 3652 frequent
495 3602 538 3642 end
551 3601 635 3643 terrible
648 3601 771 3643 visitatione
783 3603 808 3643 oi
817 3603 854 3643 the
867 3602 938 3642 Dsnes
951 3602 1086 3642 Mattbewoi
1096 3603 1244 3644 westminster
1259 3605 1299 3645 de-

251 3669 321 3719 plores
333 3670 385 3709 with
398 3680 421 3709 as
434 3671 500 3710 much
513 3671 588 3719 petbos
605 3670 648 3710 and
665 3670 781 3720 eloquenee
797 3681 821 3710 as
837 3671 915 3720 lustres
926 3670 969 3710 and
987 3670 1051 3720 piety,
1064 3671 1173 3720 imputiug
1188 3672 1248 3712 them
1267 3683 1293 3713 as

251 3746 265 3775 a
277 3735 403 3775 retributlon
416 3747 474 3786 upon
487 3737 524 3776 tire
537 3738 611 3787 people
622 3739 657 3778 ror
669 3737 725 3778 their
737 3739 789 3785 sins,
802 3739 844 3779 snd
857 3739 964 3788 uponthe
976 3739 1050 3778 nobles
1062 3738 1174 3788 especially
1189 3740 1223 3779 ior
1234 3741 1291 3782 their

251 3804 337 3850 corrupt
345 3811 452 3851 manners,
461 3803 504 3842 and
512 3805 642 3854 degeneret!
650 3805 704 3846 irom
714 3806 820 3855 thepious
828 3806 969 3846 munificenee
977 3807 1061 3846 oithelr
1068 3808 1184 3847 aneestors.
1211 3812 1225 3831 ‘⁴
1232 3799 1296 3851 Nune

251 3867 325 3918 igitur,
334 3877 402 3917 quum
411 3868 438 3908 sd
448 3868 533 3918 plegem
540 3870 659 3910 maximam
667 3874 689 3911 et
699 3871 824 3912 horribilem
835 3872 979 3920 pervenimus,
986 3882 1043 3921 quse,
1052 3873 1143 3922 peccatis
1152 3873 1296 3924 exigentibus,

253 3945 291 3984 per
298 3934 369 3975 Dauos
382 3934 506 3984 Angligenis
515 3937 638 3978 ustionibus
646 3937 705 3977 illata
712 3941 752 3985 est,
760 3937 811 3978 libet
817 3939 912 3988 ejusdem
920 3939 988 3978 eladis
995 3940 1116 3980 ausemad
1124 3941 1230 3981 cautelam
1237 3943 1296 3983 futu-

254 4012 328 4042 rorum
336 4002 429 4043 breviter
435 4004 556 4053 legentibus
564 4005 670 4046 intimare.
697 4006 724 4046 111
737 4005 826 4046 ecclesis
834 4005 921 4055 quidem
928 4006 1048 4056 segionum
1056 4008 1165 4056 primitive
1172 4010 1246 4060 religio
1258 4010 1301 4050 eia-

254 4071 339 4111 tissime
353 4071 492 4120 resplenduit,
506 4072 537 4112 lta
544 4075 569 4111 ut
577 4081 638 4122 reges
646 4073 761 4122 amma,
769 4072 875 4122 prinsipes
883 4083 907 4113 se
915 4073 987 4121 duoes,
995 4074 1083 4114 comites
1097 4078 1119 4115 et
1131 4077 1227 4124 barones,
1235 4077 1301 4117 scole·

255 4137 377 4187 elatumque
393 4139 590 4186 resteres‚eoelestis
604 4139 665 4189 regni
680 4139 784 4180 desiderio
796 4139 901 4187 succensi,
915 4141 1074 4188 monachatum,
1095 4147 1235 4192 spontsneum
1253 4145 1300 4184 exl-

255 4203 318 4251 lium,
334 4205 403 4245 vitem
416 4205 541 4254 solitariam,
558 4209 583 4246 ut
597 4207 818 4258 premonstrsvlmus,
833 4207 930 4247 certatim
946 4211 1075 4258 oppetentes,
1088 4209 1168 4250 relictis
1184 4211 1292 4258 omnibus,

257 4271 375 4312 Dominum
383 4277 529 4322 sequerentur.
556 4272 658 4316 Processu
666 4285 716 4315 vero
728 4274 836 4324 temporis,
844 4273 927 4315 meniu
941 4275 973 4315 eis
987 4275 1057 4316 omnis
1071 4275 1140 4317 virtut
1154 4277 1297 4327 emarcuitut
