3212 5206
217 415 232 446 0

202 503 231 544 A:
243 503 271 546 D.
287 502 355 550 loos]
657 500 836 541 CHRONICON.
1280 497 1305 538 73

202 653 235 703 et
252 636 484 703 Normanniam
499 648 630 701 vastare.
676 637 753 701 Dux
774 655 849 700 vero
871 635 978 700 statim
999 645 1136 698 castrum
1158 633 1304 700 condidit

203 771 303 835 prope
322 763 460 813 castrum
480 749 590 836 ipsius,
601 762 639 814 'et
661 748 772 834 positis
795 747 838 810 ibi
875 747 967 810 bonis
991 745 1154 821 militibus,
1171 746 1302 810 arctavit

203 860 249 924 ita
270 859 480 937 Willelmum,
501 861 586 944 quod
608 859 688 923 nihil
711 859 900 924 cibariorum
923 859 1028 944 potuit
1049 857 1175 921 habere.
1224 857 1301 934 Quo

203 969 323 1048 audito,
336 989 394 1035 rex
416 971 567 1048 Franciae,
583 971 735 1058 disposito
761 971 911 1048 exercitu,
935 971 1009 1035 fecit
1025 969 1173 1034 victualia
1198 972 1301 1056 parari

204 1099 237 1148 et
266 1083 351 1148 mitti
381 1101 488 1148 versus
519 1084 651 1149 Arclras.
699 1081 796 1151 erod
825 1083 991 1148 audientes
1027 1083 1210 1148 Normanni
1247 1105 1305 1170 per

164 1218 167 1225 ·
203 1192 418 1278 exploratores
452 1208 485 1259 et
515 1195 653 1272 insidias,
683 1209 776 1260 caute
806 1194 943 1260 Francos
979 1208 1239 1280 supervenerunt,
1270 1205 1303 1259 et

206 1307 380 1394 Hugoncm
406 1309 546 1374 Bardutf
555 1325 719 1397 ceperunt,
735 1323 769 1375 et
793 1311 942 1376 comitem
968 1309 1144 1375 'Abbevillae
1167 1305 1296 1374 interfe-¹

204 1425 327 1489 cerunt,
352 1426 385 1478 et
406 1426 537 1478 caeteros
558 1414 593 1478 in
611 1414 718 1500 fugam
742 1405 961 1500 propulerunt.
1008 1413 1081 1477 Rex
1104 1413 1300 1489 autem,·lroc

202 1523 344 1601 eutheos,
361 1525 508 1590 victualia
523 1526 608 1590 misit
623 1524 708 1610 apud
724 1527 856 1602 Arches,
872 1525 954 1590 etin
975 1525 1139 1588 Franciam
1160 1527 1302 1589 reversus

204 1648 261 1700 est.
316 1637 496 1724 Statimque
512 1637 699 1701 nunciatum
715 1636 846 1700 estsine
862 1657 950 1700 mora
967 1635 1041 1698 duci
1057 1635 1097 1699 de
1113 1635 1304 1700 victualibus

205 1767 277 1831 quae
290 1767 348 1809 rex
371 1747 569 1811 conduxerat
591 1769 692 1833 usque
716 1747 855 1820 Archas3
899 1759 932 1809 et
961 1745 1150 1810 semiaudito
1173 1747 1302 1821 nuncio,

201 1857 243 1920 de
259 1855 421 1944 Valoynes
436 1858 617 1943 properavit
632 1857 707 1921 illuc
716 1881 725 1933 ;
748 1855 838 1920 n'ullo
853 1856 919 1920 fere
940 1877 1070 1920 suorum
1085 1869 1298 1940 expectautc3

204 1979 239 2030 et
274 1966 384 2032 audito
420 1968 572 2032 conflictu
608 1989 738 2032 suorum
767 1981 801 2032 et
833 1969 957 2052 jactura
982 1967 1186 2044 Francorum,
1210 1968 1302 2032 valde

206 2074 378 2144 laetabatur.
438 2080 581 2144 Tandem
615 2080 660 2145 ita
688 2081 770 2144 fante
805 2079 938 2144 arctavit
974 2077 1184 2160 Willelmum,
1220 2069 1306 2165 quod

205 2200 343 2252 castrum
358 2189 495 2274 reliquit,
512 2204 545 2256 et
559 2190 600 2255 ad
614 2213 723 2278 regem
738 2193 825 2258 abiit.

249 2295 344 2361 Tunc
356 2297 506 2363 Alfredus
527 2299 639 2386 gigans
662 2301 774 2367 videns
792 2303 901 2368 omnia
917 2303 1081 2380 infirmari,
1098 2316 1131 2368 et
1150 2303 1302 2368 saeculum

127 2451 131 2460 -
205 2408 294 2493 parvi
318 2409 472 2494 pendens,
488 2410 577 2475 dedit
600 2425 715 2478 terram
738 2437 827 2478 suam
850 2416 997 2480 fratribus
1013 2415 1086 2491 suis,
1103 2430 1136 2478 et
1152 2413 1304 2499 quasdam

207 2530 304 2583 terras
341 2519 431 2586 dedit
460 2522 595 2588 abbatiae
624 2523 667 2587 de
698 2524 876 2613 Cereseya3
908 2527 1116 2611 habitumque
1140 2523 1302 2610 religionis

207 2628 326 2693 ibidem
342 2633 485 2717 sumpsit.

251 2739 329 2804 Post
344 2740 412 2804 haec
433 2753 541 2804 autem
556 2740 650 2806 duxit
664 2741 854 2819 Willelnrus,
878 2742 945 2807 dux
962 2741 1182 2820 Normanniae,
1194 2742 1304 2808 Matil-

205 2841 281 2914 dem
300 2847 396 2911 liliam
412 2845 590 2914 Baldewini
604 2852 728 2916 comitis
744 2851 910 2931 Flandriae,
927 2866 1058 2940 neptem
1074 2853 1209 2918 Roberti
1224 2854 1306 2940 regis

209 2952 361 3037 Franciae,
378 2959 476 3025 filiam
488 2962 608 3029 scilicet
623 2963 696 3048 filiae
711 2987 775 3030 suae
788 2988 881 3052 quarn
897 2979 1051 3054 genuerat
1063 2966 1103 3031 de
1116 2966 1307 3032 Constantia

210 3065 322 3158 regina
336 3099 346 3152 ς
372 3071 413 3166 de
444 3097 506 3158 qua
531 3078 645 3162 genuit
671 3092 733 3144 tres
762 3078 844 3144 filios
873 3094 906 3143 ct
933 3081 1011 3144 duas
1040 3080 1129 3157 filias,
1160 3063 1309 3146 videlicet

209 3181 388 3249 Robertum
402 3177 571 3264 Uurthose,
588 3189 786 3254 Willelmum
803 3213 910 3276 regem
928 3191 1061 3268 Rufum,
1078 3205 1110 3255 ct
1128 3189 1307 3272 Hemicum

208 3288 371 3373 Primum,
393 3295 548 3362 'Ceciliam
578 3321 705 3386 quoque
736 3302 925 3366 abbatissam
954 3301 1101 3382 Cadomi‚
1129 3315 1162 3366 et
1192 3301 1308 3385 Elamll¹

211 3412 344 3472 uxorem
361 3405 517 3500 Stephani
532 3409 622 3475 ducis
638 3411 848 3498 Carthaginis.

240 3510 388 3613 Tandem
403 3540 457 3584 rex
474 3517 616 3588 Franciae
633 3521 792 3588 Robertus
804 3523 914 3588 adhoc
930 3547 987 3610 per
1001 3547 1073 3589 suos
1090 3524 1239 3589 inductus
1251 3537 1309 3604 est,

211 3633 249 3696 ut
279 3627 512 3701 Normanuiam
543 3636 602 3701 sibi
632 3637 825 3724 subjugaret.
893 3616 1015 3702 Accitis
1043 3638 1140 3724 igitur
1170 3639 1304 3702 circum-

211 3749 336 3828 quaque
354 3747 504 3832 gentibus
527 3759 559 3810 et
581 3746 709 3812 induas
731 3761 835 3834 partes
857 3747 1016 3834 dispositis
1035 3729 1237 3826 exercitibus,
1253 3737 1310 3812 uni

212 3854 294 3940 parti
324 3857 451 3942 praefuit
479 3877 546 3932 rex,
577 3856 667 3921 alteri
696 3858 840 3944 praefecit
871 3857 1020 3922 Odonem
1051 3857 1179 3922 fratrem
1205 3880 1313 3924 suum.

405 4038 517 4049 ...ο-*ιι

240 4139 249 4185 tt
265 4135 316 4177 ibis
331 4137 426 4187 princess
444 4137 463 4177 is
475 4137 561 4187 usually
574 4137 642 4178 called
656 4137 731 4184 Adsis,
744 4137 786 4178 aud
798 4147 840 4178 aas
852 4137 947 4176 married
962 4139 986 4176 to
1003 4137 1097 4185 stephan
1110 4137 1179 4176 count
1191 4135 1215 4176 ot
1237 4136 1309 4183 Blois'r

213 4204 285 4256 whom
293 4215 333 4244 our
341 4204 463 4244 Chronicler
474 4204 525 4244 here
535 4204 655 4252 designatas
669 4215 692 4244 as
706 4204 785 4243 ‘Ducis
799 4204 933 4252 Carthaginis
941 4203 945 4220 '
952 4218 957 4250 ς
965 4223 991 4232 -
999 4204 1031 4242 for
1040 4203 1097 4242 what
1107 4213 1181 4242 reason
1194 4213 1225 4241 we
1234 4208 1313 4242 cannot

212 4269 294 4311 di'vlna.
320 4269 423 4318 Basidem
437 4271 474 4310 tlte
485 4265 632 4320 conqueraris
642 4271 742 4313 recorded
755 4273 777 4312 to
791 4271 845 4312 have
856 4271 899 4312 had
912 4271 954 4311 five
963 4271 1087 4322 daughters,
1104 4261 1229 4318 Constdnce,
1241 4269 1320 4316 adela,a

214 4337 299 4387 cecilia,
308 4337 414 4388 Margaret
422 4338 465 4380 aad
475 4339 575 4380 Eleanor.
1061 4331 1064 4338 ’
