3252 5170
216 500 243 540 Δ.
257 500 284 541 D.
300 501 426 550 ltot-ltrot
652 502 833 544 CHRONICON.
1244 507 1269 544 99

214 633 313 720 phani
328 640 354 715 ll
370 635 618 702 cantuariensis
627 635 866 726 archiepiscopi,
881 637 975 704 electi
998 651 1109 704 contra
1124 639 1270 705 volunta·

215 760 281 811 tem
296 745 395 833 ipsius
413 748 506 833 regis.
551 749 685 834 Propter
707 747 796 836 quod
818 750 899 834 jussi
914 763 990 814 sunt
1013 749 1151 816 exulare.
1199 750 1270 816 Ste-

215 856 340 943 phanus
363 879 438 922 vero
463 857 673 924 nihilominus
697 873 897 925 consecratus
921 873 968 926 eet
993 865 1013 926 a'
1036 860 1167 926 domino
1187 884 1270 948 papa

215 967 302 1053 apud
316 968 496 1034 Viterbium
518 969 585 1034 XV
611 969 748 1036 Kalend.
764 970 857 1036 Julii.
904 970 995 1058 Rege
1019 972 1117 1059 igitur
1139 971 1269 1037 nolente

215 1079 394 1144 consentire
408 1080 443 1144 in
458 1079 741 1170 archiepiscopum,
756 1082 926 1148 Interdicta
940 1096 988 1148 est
1000 1082 1120 1170 Anglia
1133 1099 1168 1149 et
1177 1083 1269 1148 Wal-

216 1189 259 1254 lia
274 1189 327 1254 IX
342 1189 401 1256 cal.
418 1191 550 1278 Aprilis,
565 1193 643 1258 feria
666 1192 806 1259 secunda
831 1207 905 1258 ante
928 1215 1053 1258 ramum
1069 1194 1262 1260 Palmarum.

216 1301 261 1367 Et
274 1316 346 1390 post
366 1305 445 1382 haeo,
460 1305 674 1372 confiscantur
683 1328 734 1371 res
745 1305 971 1384 ecclesiastica,
987 1319 1020 1370 et
1031 1306 1173 1394 episcopi
1187 1306 1265 1372 rele-

215 1428 342 1500 gantur.
412 1415 568 1483 Monachi
601 1438 676 1482 vero
706 1417 925 1482 cisterciensis
954 1417 1085 1496 ordinis,
1116 1417 1269 1484 violantes

215 1527 431 1606 interdictum,
446 1550 521 1594 cum
540 1551 660 1615 magna
680 1529 867 1595 confusione
892 1529 994 1595 coacti
1009 1542 1085 1594 sunt
1108 1529 1188 1594 illud
1213 1530 1269 1594 ob·

216 1661 350 1704 servare.
404 1639 601 1704 Credebatur
623 1655 731 1705 autem
755 1639 881 1726 signum
905 1656 938 1705 et
964 1653 1148 1726 portentum
1174 1640 1270 1726 hujus

216 1749 379 1815 interdicti
402 1751 497 1816 fuisse
519 1765 651 1828 cometa,
678 1741 751 1837 quaa
774 1752 922 1838 apparuit
936 1773 993 1836 per
1016 1752 1153 1839 spatium
1176 1752 1272 1816 unius

217 1860 314 1938 horae,
329 1860 398 1925 XV
412 1861 536 1926 calend.
561 1861 733 1941 Februan3
759 1875 792 1926 et
807 1874 897 1927 tarrae
915 1875 1020 1927 motus
1045 1884 1191 1950 sequens,
1216 1861 1270 1928 III

216 1970 338 2036 calend
355 1971 511 2058 ejusdem.

258 2081 359 2148 Porro
374 2105 460 2148 anno
483 2084 628 2170 sequenti
654 2082 748 2149 duxit
762 2105 819 2149 rex
846 2083 1024 2149 exercitum
1049 2105 1144 2168 super
1159 2105 1271 2171 regern

218 2190 343 2273 Sentias,
359 2207 391 2258 et
410 2194 509 2281 captis
523 2195 563 2260 ab
589 2216 628 2260 eo
644 2195 816 2273 obsidibus,
831 2217 974 2260 reversus
997 2206 1055 2259 ost.
1103 2192 1167 2259 Sed
1182 2207 1216 2259 et
1231 2217 1270 2259 co
1319 2243 1326 2250 -

135 2298 144 2308 '
215 2315 358 2388 tempore
376 2303 465 2381 Otto,
480 2304 564 2391 regis
583 2327 692 2390 nepos,
707 2305 828 2370 electus
847 2305 883 2370 in
905 2304 1144 2389 Imperatorem,
1160 2326 1270 2370 conse·

215 2419 320 2478 cratus
334 2426 382 2478 est
397 2436 416 2478 a
430 2414 520 2499 Papa
542 2414 731 2481 Innocentio
747 2414 781 2479 N
782 2415 852 2480 onis
869 2414 1026 2480 Octobris.
1072 2413 1164 2480 Inter
1189 2437 1270 2500 quos

216 2547 283 2590 non
297 2525 400 2591 multo
414 2540 487 2613 post
500 2525 708 2612 implacabilis
723 2526 881 2592 discordia
895 2540 965 2592 orta
979 2541 1037 2592 est.

259 2637 338 2704 Post
366 2638 438 2716 hoc,
469 2638 683 2704 transfretavit
706 2654 766 2702 rex
789 2638 822 2702 in
851 2637 1052 2714 Hiberniam,
1076 2635 1163 2701 VIII
1191 2636 1270 2702 Idus

214 2748 325 2826 Junii3
348 2762 382 2814 et
406 2749 539 2813 subacta
560 2770 678 2833 magna
693 2760 781 2833 parte
806 2747 981 2824 Hiberniae,
1003 2759 1036 2810 et
1052 2744 1195 2832 Hugone
1224 2746 1266 2812 de

215 2861 323 2947 Lacey
349 2871 544 2946 expugnato,
565 2872 598 2923 et
623 2880 722 2922 uxore
747 2856 898 2924 Willelmi
919 2857 959 2922 de
988 2857 1124 2923 Breaose
1147 2873 1181 2924 et
1202 2857 1269 2924 filio
1338 2845 1342 2854 ’

214 2973 284 3058 ejus
311 2969 481 3036 Willielmo
504 2970 612 3056 captis,
633 2982 667 3034 et
691 2968 801 3034 multis
816 2968 978 3034 obsidibus
1004 2968 1095 3047 datis,
1112 2969 1267 3057 applicuit

215 3084 251 3148 in
279 3081 442 3170 Angliam,
474 3080 524 3146 IV
554 3080 676 3146 calend.
710 3080 868 3146 Octobris.
927 3082 1019 3145 Tunc
1047 3081 1123 3146 fecit
1157 3104 1269 3147 omnes

214 3193 348 3259 Judaeos
361 3195 432 3280 capi
447 3193 543 3258 totius
552 3191 686 3279 Angliae,
696 3204 729 3257 et
738 3193 824 3278 cepit
834 3192 874 3256 ab
885 3193 931 3256 eis
942 3192 1113 3256 maximam
1122 3191 1269 3276 redemp-

215 3306 347 3382 tionem,
359 3305 445 3391 prius
458 3317 566 3369 tamen
576 3325 595 3366 a
604 3303 777 3388 majoribus
791 3315 883 3367 eruto
894 3325 961 3368 uno
972 3302 1075 3379 oculo,
1088 3301 1144 3366 sed
1159 3314 1268 3366 tamen

214 3416 437 3504 aquibusdam
452 3437 510 3502 pro
525 3414 624 3479 altero
639 3435 777 3479 annuam
790 3414 976 3501 pensionem
986 3413 1119 3500 accepit
1168 3412 1266 3478 Unde

217 3529 265 3612 (ut
278 3526 394 3613 fertur)
402 3526 488 3592 isaac
500 3525 523 3590 J
525 3524 635 3590 udaeus
648 3522 872 3601 Norwicensis,
889 3523 1022 3610 singulis
1037 3523 1150 3588 diebus
1162 3523 1267 3608 quoad

212 3639 302 3716 sirit,
317 3637 407 3703 dedit
429 3637 497 3724 regi
516 3636 669 3714 Johanni,
685 3650 719 3701 et
735 3634 877 3701 Henrico
898 3634 965 3699 filio
986 3657 1045 3700 suo
1069 3649 1142 3722 post
1161 3635 1267 3720 ipsum

213 3748 371 3834 regnanti,
388 3769 484 3811 unam
500 3768 638 3811 marcam
654 3744 896 3832 sterlingorum.
943 3743 1008 3810 Sed
1023 3759 1131 3809 tamen
1146 3744 1187 3809 de
1203 3745 1268 3809 sin-

213 3858 298 3947 gulis
323 3857 487 3923 ordinibus
501 3870 534 3922 et
559 3857 708 3944 gradibus
734 3856 902 3921 hominum
917 3856 951 3919 in
978 3868 1062 3919 terra
1084 3855 1267 3942 Anglicana

214 3971 301 4058 cepit
316 3967 442 4055 tallagia
456 3968 497 4032 de
523 3968 620 4045 laicis,
644 3967 775 4044 clericis,
791 3965 955 4054 religiosis,
970 3979 1004 4030 et
1026 3964 1067 4031 de
1082 3965 1264 4043 monachis3

215 4081 301 4166 quod
317 4093 411 4145 antea
424 4079 528 4143 fuerat
543 4077 733 4142 inauditnm.

240 4235 256 4276 ‘l
271 4233 364 4282 stephan
378 4231 483 4278 Lanaton,
497 4228 616 4267 ‘Romanas
628 4225 725 4266 ecclesloe
739 4227 865 4274 cardinalia,
879 4225 916 4276 qul
929 4235 967 4274 per
979 4227 1095 4266 monachas
1109 4225 1265 4267 ecclealncan·

212 4308 328 4352 raniensis
341 4307 364 4348 tn
377 4304 559 4355 arehiepiscopum
572 4305 604 4343 est
618 4303 699 4344 electus
712 4303 733 4342 at
746 4303 882 4343 conuentus
894 4310 908 4342 a
920 4300 992 4350 Papa:
1018 4302 1198 4342 Bracnrraror.
