3212 5206
258 452 277 492 A
300 453 326 493 D.
346 453 416 502 istun
715 451 893 495 CHRONICON.
1332 452 1354 490 25

262 601 392 668 teretur,
403 589 490 655 misit
500 589 530 654 ei
542 587 726 655 schedulam
741 589 924 676 inscriptam
936 587 1154 676 signatamque
1170 587 1273 675 sigillo
1286 609 1354 665 suo,

259 701 295 766 in
309 701 400 787 cujus
415 700 517 767 cauda
528 698 604 767 fecit
617 700 756 779 inscribi,
776 701 910 766 Tantum
926 702 981 765 tili
987 701 1064 765 dabo
1075 699 1112 764 dc
1122 700 1246 786 Asylia,
1259 722 1357 786 qnan-

262 821 326 876 tum
341 812 416 874 dicit
429 812 485 875 boc
498 813 591 876 breve.

317 919 410 986 Misit
424 921 532 1006 itaque
547 919 667 1008 legatos
682 921 724 987 ad
738 921 907 989 dominum
924 944 1051 1010 papam,
1066 921 1226 988 instruens
1248 920 1355 1008 ipsum

260 1029 301 1096 de
332 1042 442 1097 tenore
465 1031 588 1119 negotii
613 1031 663 1098 sui
688 1045 721 1098 et
739 1033 813 1118 jure
836 1055 904 1099 suo.
951 1031 1019 1108 Qui
1038 1030 1202 1097 licentiam
1222 1028 1312 1096 dedit
1326 1031 1358 1096 ei

262 1153 296 1207 et
310 1162 474 1206 assensum
487 1140 633 1228 praebuit,
648 1140 693 1207 ita
704 1141 791 1226 quod
801 1141 877 1220 dux,
893 1164 993 1227 quum
1003 1141 1156 1228 Angliam
1164 1140 1357 1226 acquisisset,

262 1251 305 1318 de
322 1250 440 1318 Sancto
454 1253 551 1318 Petro
566 1274 638 1318 eam
651 1251 750 1318 libere
766 1265 900 1320 teneret.
922 1315 926 1318 .
943 1253 1037 1318 Misit
1047 1253 1144 1318 etiam
1159 1252 1234 1318 duci
1259 1250 1359 1318 vexil-

260 1361 329 1427 lum
343 1375 378 1427 et
391 1361 547 1428 annulum
568 1362 764 1448 pretiosum3
786 1361 873 1427 unde
897 1362 962 1448 ipse
983 1373 1017 1427 et
1037 1361 1086 1427 sui
1103 1361 1240 1428 multum
1256 1362 1357 1449 gavisi

260 1485 346 1539 sunt.
382 1472 461 1540 Dux
482 1495 568 1550 vero,
590 1472 731 1540 collectis
752 1473 902 1559 gentibus
924 1484 958 1538 et
988 1473 1122 1539 navibus
1140 1471 1357 1560 quotjhabere

260 1584 377 1671 potuit,
399 1584 475 1650 fecit
500 1583 609 1649 venire
621 1583 707 1670 apud
729 1583 883 1649 Sanctum
898 1582 1064 1648 Valerium
1078 1605 1135 1670 per
1147 1605 1261 1667 aquam
1283 1605 1355 1668 quae

262 1694 363 1760 Suma
382 1693 520 1773 dicitur3
550 1693 606 1758 nbi
626 1693 727 1759 fertur
747 1692 894 1760 habuisse
919 1692 985 1758 fere
1014 1694 1232 1780 septingentas
1260 1717 1358 1760 naves

260 1825 401 1891 magnas,
421 1824 534 1868 verum
560 1814 626 1868 tam
642 1801 684 1867 de
702 1802 873 1889 majoribus
894 1824 990 1888 quam
1011 1802 1052 1869 de
1068 1803 1244 1869 minoribus
1258 1803 1359 1869 fertur

258 1913 406 1981 habuisse
427 1912 489 1979 tria
510 1910 643 1980 millia*
666 1913 709 1978 Et
730 1914 794 1979 cito
815 1926 888 2000 post
914 1913 1111 2000 navigantes,
1134 1913 1358 2002 applicuerunt

258 2023 346 2115 apud
356 2023 529 2110 Hastinges
539 2049 550 2103 ;
572 2022 628 2088 ubi
637 2024 743 2090 statim
766 2035 902 2090 castrum
917 2038 1088 2090 erexerunt
1097 2023 1251 2112 ligneum,
1269 2023 1358 2112 quod

263 2137 297 2204 in
321 2133 537 2204 transmarinis
558 2135 701 2220 partibus
723 2133 961 2200 fabricaverant
1012 2133 1125 2210 Quum
1154 2148 1263 2202 autem
1291 2138 1358 2204 dux

261 2249 418 2337 prosiliret
443 2249 484 2314 de
508 2246 593 2324 navi,
608 2245 725 2312 cecidit
746 2266 841 2330 supra
865 2256 991 2323 terram,
1007 2259 1041 2311 et
1060 2267 1194 2335 surgens
1215 2247 1290 2314 tulit
1315 2249 1359 2315 de

261 2373 346 2428 terra
377 2360 486 2428 ambas
510 2380 626 2426 manus
648 2356 767 2444 plenas,
790 2355 908 2437 dicens,
934 2355 997 2422 hoc
1014 2378 1082 2422 esse
1101 2359 1240 2447 signnm,
1270 2361 1358 2446 quod

259 2483 360 2540 totam
375 2484 490 2539 terram
505 2461 693 2538 obtenturus
707 2478 799 2534 esset.
849 2466 894 2533 Et
908 2489 950 2532 ne
959 2482 1090 2556 possent
1099 2470 1180 2536 forte
1190 2468 1358 2559 desperato

257 2581 386 2669 quidam
398 2580 548 2648 adnaws
557 2579 727 2666 confugere
740 2603 749 2646 z
763 2578 841 2644 fecit
852 2601 904 2644 eas
913 2601 1024 2644 omnes
1033 2580 1199 2667 confringi.
1232 2580 1357 2648 Videtis

247 2675 357 2781 'igitur
378 2691 470 2757 miles
490 2691 622 2778 quidam
644 2689 685 2754 de
698 2689 806 2776 patria,
831 2688 918 2775 quod
940 2690 1073 2775 patriam
1092 2691 1161 2776 jam
1183 2690 1358 2778 depraedari

260 2819 431 2889 coeperant,
461 2823 536 2867 cum
572 2800 773 2866 festinatione
810 2800 936 2866 transiit
969 2799 1164 2879 Humbrum,
1202 2804 1358 2870 nuncians

260 2913 414 2992 Harsldo,
437 2912 493 2998 qui
514 2912 549 2976 in
570 2910 712 2996 partibus
734 2909 797 2976 illis
826 2910 1027 2978 interfecerat
1042 2911 1213 2979 Tostinum
1228 2914 1358 2979 lintrem

259 3048 363 3104 suum,
379 3046 444 3111 prae
455 3022 614 3089 discordia
627 3045 701 3110 quae
710 3021 814 3088 fuerat
821 3022 906 3088 inter
919 3023 990 3092 illos
1004 3045 1063 3112 pro
1071 3023 1257 3092 haereditate
1268 3025 1358 3092 God-

258 3138 335 3205 wini
348 3136 444 3224 patris
467 3157 589 3236 eorum,
607 3157 701 3220 quam
717 3133 877 3200 Harsldus
896 3135 1001 3201 noluit
1015 3136 1189 3204 concedere
1204 3135 1349 3202 Tostino.

265 3251 340 3319 Qua
361 3247 402 3312 de
424 3268 519 3312 caiisa
540 3245 692 3310 Tostinus
714 3245 869 3310 conduxit
898 3245 938 3311 de
968 3246 1091 3322 Dacia†
1120 3259 1155 3312 et
1184 3246 1356 3334 Norwegia

259 3380 414 3448 magnum
431 3357 610 3422 exercitum
635 3365 743 3421 contra
769 3353 949 3420 Haraldum
959 3381 970 3436 3
993 3356 1048 3440 qni
1072 3378 1184 3421 omnes
1199 3355 1234 3422 in
1248 3357 1357 3443 fugam

262 3470 405 3564 propulsi
418 3467 469 3536 vel
481 3467 639 3534 interfecti
654 3472 729 3532 sunt
744 3466 899 3552 cumipse
914 3466 1058 3533 Tostino.
1159 3547 1163 3554 ⁸

303 3581 449 3650 Audiens
474 3578 604 3646 tandem
623 3576 665 3643 de
687 3576 828 3646 adventu
853 3576 1001 3643 Willelmi
1022 3599 1175 3659 rumores,
1196 3578 1357 3647 festinavit

261 3691 293 3758 ei
307 3690 470 3756 Harsldus
494 3709 666 3756 occurrere.
710 3686 754 3754 Et
774 3687 907 3754 veniens
930 3687 1154 3767 londonium,
1171 3692 1357 3778 congregari

261 3801 339 3868 fecit
350 3822 507 3890 magnum
521 3800 707 3866 exercitum.
751 3799 845 3866 Misit
859 3811 968 3865 autem
988 3799 1056 3868 dux
1070 3800 1231 3888 adipsum
1246 3824 1356 3868 mona-

261 3914 360 3981 chum
374 3909 533 3998 quendam
548 3908 589 3975 de
609 3909 786 3988 Fiscanuia,
812 3909 967 3975 mandans
981 3910 1012 3975 ei
1037 3911 1135 3997 quud,
1150 3911 1357 3982 consideratis

288 4132 302 4158 ⁰
315 4133 329 4156 ‘¹
337 4131 384 4172 'l'bs
391 4127 526 4180 preparation
538 4127 563 4168 ot
571 4127 609 4168 the
627 4128 692 4171 Duke
703 4137 747 4169 was
760 4138 813 4178 very
824 4130 890 4178 great,
900 4125 983 4178 bavius
995 4129 1034 4169 88⁰
1050 4127 1199 4177 sellularium,
1212 4137 1245 4176 nr,
1259 4137 1284 4168 ss
1297 4137 1358 4168 some

261 4198 328 4246 wite.
337 4195 429 4245 sananti
440 4204 509 4236 saone
517 4193 619 4242 Numan,
626 4195 799 4246 abominatum
806 4194 996 4243 asGsmetteencls,
1003 4196 1069 4236 above
1076 4193 1147 4236 ³⁰00.''
1157 4192 1262 4236 Bauss's
1269 4201 1361 4236 casas.

291 4267 302 4308 t
315 4264 422 4310 urbanis,
436 4261 552 4303 Denmsrk.
