3252 5170
349 551 413 615 148
810 563 986 616 exossare

392 721 483 785 Fecit
493 732 602 786 autem
617 720 700 784 inter
717 719 778 784 alia
796 721 908 786 beatus
923 722 1011 808 Papa
1025 719 1200 808 Gregorius
1215 737 1400 806 superem«

348 852 426 917 pora
440 831 653 934 apostoloer
670 831 757 898 Petri
772 843 805 895 et
819 831 912 898 Pauli
927 831 1036 897 missas
1051 830 1214 896 celebrari.
1269 829 1310 894 In
1330 830 1401 913 ipsa

347 965 423 1009 aero
438 943 604 1008 missarum
619 941 829 1008 celebratione
846 943 905 1050 trip
919 942 1015 1008 verba
1028 943 1165 1008 maxime
1180 942 1296 1028 adjecit
1306 965 1317 1006 :v
1338 943 1398 1006 Di-

348 1073 439 1141 esque
457 1061 581 1131 nostros,
599 1056 649 1140 pc.

393 1225 486 1291 Circa
501 1236 626 1324 tempus
641 1223 864 1312 disputationis
882 1224 1055 1292 Colmanni
1070 1226 1110 1290 de
1125 1224 1256 1301 Pascha,
1273 1224 1401 1312 eclipsis

349 1333 423 1400 solis
437 1331 490 1403 die
506 1335 598 1402 tertio
615 1333 706 1412 Maii,
723 1335 801 1402 hora
817 1335 909 1400 tertia
923 1335 997 1412 diei,
1013 1334 1096 1401 facta
1110 1349 1169 1402 est.

393 1530 554 1616 Tempore
570 1552 633 1628 quo
649 1526 847 1595 Ethelfridns
866 1551 922 1595 rex
943 1529 1139 1598 Marciorum
1155 1534 1302 1600 (lantiam
1317 1548 1400 1600 vast-

351 1642 425 1721 avit,
441 1655 567 1707 cometa
582 1640 727 1729 apparuit
741 1640 841 1706 tribus
857 1641 1018 1706 mensibus
1036 1664 1138 1708 mane

394 1813 582 1900 Baptizante
599 1810 746 1877 Wilfrido
764 1811 911 1898 episcopo
926 1811 1094 1878 Australes·
1106 1812 1258 1892 Saxones,
1268 1815 1337 1902 ipsa
1347 1816 1402 1882 die

347 1924 451 1988 imber
464 1922 588 1988 affluxit
603 1922 659 2006 qui
674 1922 774 1988 tribus
789 1921 880 1986 annis
891 1934 1075 1999 cessaverat,
1094 1923 1179 1988 unde
1194 1923 1294 1990 fames
1312 1947 1401 1991 acer·

308 2061 313 2073 ·
348 2034 431 2099 rima
451 2033 580 2120 plebem
591 2044 809 2117 prostraverat.
855 2030 1005 2116 Denique
1025 2032 1133 2099 ferunt
1147 2037 1222 2119 quia
1235 2059 1317 2121 saepe
1334 2035 1400 2102 XL

345 2142 442 2212 simul
470 2155 525 2210 aut
554 2141 585 2208 L
613 2142 768 2220 homines,
797 2141 904 2208 inedia
938 2145 1095 2222 macerati,
1125 2147 1333 2232 procederent
1361 2148 1403 2214 ad

346 2253 560 2342 praecipitium
582 2252 711 2338 aliquod
736 2252 802 2317 sive
824 2252 927 2340 ripam
953 2253 1057 2332 maris,
1082 2268 1115 2320 et
1134 2257 1255 2342 junctis
1283 2259 1398 2324 misere

349 2365 506 2441 manibus,
529 2362 648 2450 pariter
671 2383 791 2438 omnes,
816 2375 871 2427 aut
894 2362 988 2427 ruina
1006 2364 1149 2450 perituri,
1173 2379 1230 2431 aut
1252 2366 1407 2434 fluctibns

349 2471 549 2549 absorbendi,
576 2468 771 2535 deciderent.
820 2468 885 2534 Sed
910 2471 1097 2557 baptismate
1121 2473 1217 2538 simul
1240 2491 1273 2540 et
1295 2475 1405 2562 pluvia

348 2582 536 2649 adveniente
560 2582 702 2647 refloruit
728 2595 831 2658 terra3
855 2581 951 2646 rediit
972 2583 1181 2650 viridantibus
1199 2586 1281 2651 arvis
1297 2609 1410 2652 annus·

347 2696 439 2761 laetus
453 2708 486 2761 et
509 2693 640 2780 frugifer
656 2719 664 2759 ε
694 2692 739 2758 sic
760 2707 793 2759 et
815 2717 870 2759 cor
886 2695 1032 2760 omnium
1047 2709 1081 2762 et
1095 2719 1168 2762 caro
1182 2698 1327 2764 omnium
1342 2720 1398 2764 ex·

346 2807 530 2872 ultaverunt
545 2805 578 2869 in
595 2802 707 2868 Deum
722 2803 843 2869 vivum.

391 2979 577 3044 Ethelhardi
600 2978 680 3064 regis
704 3001 789 3043 anno
815 2979 908 3044 tertio
932 2994 1146 3064 apparuerunt
1170 2981 1241 3048 duae
1266 2995 1400 3049 cometae

346 3092 428 3156 circa
443 3089 542 3156 solem
558 3088 722 3167 terribiles,
739 3112 805 3153 una
820 3091 940 3177 quippe
956 3091 1055 3156 solem
1069 3092 1266 3176 praecedebat
1283 3061 1397 3159 Oriad-

346 3215 423 3280 tem,
452 3200 513 3266 alia
541 3201 730 3284 sequebatur
754 3200 960 3280 occidentem,
986 3225 1057 3286 quae
1084 3203 1212 3268 Orienti
1241 3204 1336 3269 simul
1365 3217 1398 3269 ct

348 3311 519 3377 Occidenti
545 3310 621 3376 dirae
645 3310 746 3375 cladis
771 3333 929 3398 praesagae,
956 3312 1007 3376 vel
1031 3325 1114 3377 certe
1135 3335 1200 3378 una
1215 3313 1278 3379 diei
1300 3315 1397 3380 altera

343 3423 447 3487 noctis
484 3422 701 3508 praecurrebat
729 3433 890 3501 exortum,
917 3434 951 3487 ut
983 3435 1120 3508 utroque
1147 3436 1289 3510 tempore
1315 3409 1399 3490 mala

344 3531 533 3598 mortalibus
558 3531 725 3596 imminere
746 3532 917 3618 signarent.
963 3531 1138 3597 Portabant
1161 3547 1267 3598 autem
1283 3533 1397 3599 faciem

343 3643 428 3730 ignis
444 3653 559 3707 contra·
569 3641 775 3728 Aquilonem,
791 3642 1047 3728 apparebantque
1062 3665 1170 3708 mense
1186 3645 1208 3708 J
1209 3644 1348 3723 anuari0,
1365 3657 1398 3710 et

342 3731 470 3816 duabus·
493 3752 592 3816 ferme
622 3752 806 3838 septimanis
845 3753 1084 3836 permanebant.
1142 3755 1216 3820 Quo
1247 3744 1389 3842 tempore

341 3863 525 3950 gravissima
556 3865 785 3928 Saracenorum
815 3861 883 3925 lues
916 3861 1036 3926 Gallias
1065 3875 1098 3927 et
1129 3863 1298 3950 Hispanias
1329 3865 1392 3930 late

342 3973 457 4038 misera
472 3973 558 4037 caede
574 3973 733 4048 vastabat3
747 3983 779 4035 et
794 3972 853 4058 ipsi
870 3994 935 4036 non
951 3972 1054 4036 multo
1067 3985 1138 4058 post
1148 3973 1180 4036 in
1197 3973 1308 4038 eadem
1320 3995 1393 4060 pro·

340 4083 444 4146 vincia
458 4081 571 4170 dignas
585 4105 648 4148 suae
663 4080 805 4169 perfidiae
820 4103 931 4168 poenas
950 4069 1088 4146 luebant.

382 4251 542 4338 Tempore
567 4251 750 4318 Ethelbaldi
774 4251 855 4336 regis
875 4249 1050 4316 Mercensis
1066 4252 1112 4316 sol
1137 4253 1319 4320 obscuratus
1334 4267 1392 4319 est.
