3212 5206
351 477 377 513 ⁴8
692 473 817 514 llENlllCl
833 473 871 514 DE
885 469 1033 514 sutram
1225 472 1260 521 [Δ.
1267 469 1293 513 D.
1304 473 1400 515 aot-924.

354 608 474 672 riosior.
520 607 584 672 Istc
599 608 756 692 siquidem
769 607 944 673 Edwardus
958 629 1016 694 per
1030 607 1100 672 loca
1114 621 1293 694 opportuna
1314 621 1398 672 vete-

354 720 441 784 ribus
456 719 586 783 urbibus
603 719 762 804 reparatis,
777 719 909 804 replevit
923 741 976 783 eas
990 739 1089 782 manu
1102 718 1240 796 militari,
1257 741 1327 802 quae
1349 719 1397 782 in-

352 829 437 895 colas
451 841 640 916 protcgeret‚
655 829 760 894 hostes
775 829 951 916 repelleret.
996 827 1089 894 Adeo
1108 842 1251 912 tempore
1265 851 1323 893 suo
1337 830 1398 893 vir-

353 953 438 1005 tutes
460 939 700 1026 provincialium
723 931 761 1004 iu
786 939 905 1027 proeliis
929 939 1120 1016 coaluerant,
1135 953 1181 1019 ut,
1198 941 1224 1004 si
1250 940 1399 1005 audirent

352 1051 497 1115 inimicos
513 1050 729 1126 adventantes,
744 1071 819 1136 rege
834 1063 867 1114 et
884 1049 1018 1114 ducibus
1026 1048 1221 1127 inconsultis,
1237 1063 1397 1114 certamen

351 1162 479 1237 inirent,
498 1176 532 1225 et
546 1161 719 1226 vincerent.

396 1269 606 1336 Ethelwulfus
622 1269 752 1355 quidam
767 1271 878 1356 primis
892 1268 1004 1333 diebus
1015 1269 1111 1355 hujus
1121 1268 1205 1355 regis
1220 1268 1320 1334 multa
1331 1291 1397 1334 mo·

353 1380 437 1458 litus,
453 1383 521 1466 ejus
536 1380 713 1444 dominium
729 1379 972 1463 dedignabatur,
988 1401 1129 1443 asserens
1143 1401 1177 1443 se
1191 1402 1257 1444 non
1271 1379 1400 1445 inferio-

349 1513 419 1556 rem
433 1512 549 1578 genere
564 1491 615 1554 vel
629 1491 755 1554 virtute.
803 1489 868 1554 Sed
882 1511 901 1553 a
914 1490 1105 1575 proceribus,
1116 1490 1170 1573 qui
1181 1489 1244 1554 fide
1254 1491 1396 1556 obstricti

350 1601 486 1678 fuerant,
501 1601 534 1665 in
551 1599 683 1665 exilium
699 1611 812 1675 trusus,
828 1599 943 1683 piratas
967 1597 1162 1675 adduxerat3
1186 1621 1260 1663 cum
1282 1600 1397 1684 quibus

349 1712 546 1791 interiectus,
574 1710 683 1777 didicit
706 1709 839 1775 stultum
864 1732 931 1775 esse
958 1724 1069 1775 contra
1090 1712 1285 1797 potentiores
1299 1711 1398 1778 recal-

349 1824 470 1890 citrare.

396 1933 520 1999 Genuit
535 1947 642 2000 autem
658 1931 834 1998 Edwardus
860 1955 899 1997 ex
921 1932 1078 2020 nginna
1095 1936 1113 2019 p
1140 1932 1253 1997 illustri
1266 1932 1397 1998 soemina

348 2043 598 2132 primogenitum
620 2043 855 2119 Ethelstanum,
867 2058 900 2107 et
911 2043 1068 2126 quandam
1080 2043 1187 2118 filiam,
1197 2066 1294 2130 quam
1309 2043 1397 2108 idem

352 2153 557 2219 Ethelstanus
571 2166 704 2238 nuptam
720 2151 850 2217 tradidit
867 2151 1033 2217 Sichtricio
1048 2154 1116 2240 regi
1130 2154 1399 2224 Northanimbroe

348 2286 431 2330 rum.
477 2263 599 2328 Genuit
614 2275 647 2328 et
661 2286 702 2327 ex
726 2261 849 2327 Elfleda
865 2260 1103 2327 Ethelwardum
1119 2276 1151 2327 et
1167 2262 1347 2342 Edwinum,
1363 2277 1397 2330 et

349 2374 428 2439 filias
443 2373 610 2451 Elfledam,
627 2372 793 2458 Edgivam,
810 2371 1037 2450 Ethelhildam,
1054 2373 1213 2451 Edildam,
1233 2374 1395 2451 Editham‚

347 2498 382 2550 et
406 2484 582 2572 Elegivam.
627 2482 735 2547 Prima
758 2495 791 2547 et
815 2482 908 2548 tertia
931 2482 1114 2547 coelibatum
1132 2483 1205 2548 Deo
1230 2498 1396 2550 voverunt.

348 2595 466 2660 Jacent
499 2593 676 2658 Wintoniae
700 2593 795 2679 juxta
828 2605 960 2658 matrem
994 2617 1093 2659 suam.
1140 2594 1265 2679 Edgiva
1287 2598 1397 2682 nupsit

350 2706 467 2772 Carolo
482 2707 550 2793 regi
572 2705 638 2770 filio
653 2704 810 2770 LudovIci
826 2703 928 2782 Balbi,
944 2705 1001 2770 lilii
1029 2705 1138 2771 Caroli
1163 2705 1262 2771 Calvi.
1307 2707 1398 2772 Edil-

348 2818 421 2882 dam
446 2816 536 2881 dedit
561 2815 765 2881 Ethelstanus
788 2815 922 2902 Hugoni
953 2815 1146 2882 Francorum
1171 2818 1248 2903 regi,
1264 2831 1301 2882 ut
1315 2817 1398 2881 infra

348 2926 492 3010 proximo
508 2924 666 3010 Capitulo.
711 2923 862 2988 Editham
878 2939 911 2988 et
926 2925 1071 3009 Elgivam
1086 2927 1172 2991 misit
1186 2927 1271 2991 idem
1285 2926 1396 2991 Ethel-

348 3034 611 3100 stanusHenrico
631 3034 820 3129 Imperatori
833 3033 1039 3099 Alamanniae.
1085 3037 1228 3101 Quarum
1238 3059 1395 3122 unanup-

349 3147 389 3211 sit
407 3143 520 3211 Ottoni
537 3144 602 3208 lilio
618 3166 695 3220 su03
719 3143 817 3208 altera
835 3165 910 3208 vero
932 3143 1059 3208 cuidam
1080 3144 1165 3211 Duci
1176 3147 1270 3233 juxta
1289 3147 1396 3234 Alpes.

351 3257 474 3322 Genuit
488 3271 521 3321 et
539 3278 578 3320 ex
597 3256 695 3320 altera
722 3255 854 3332 uxore*
892 3253 993 3341 Egiva
1018 3257 1157 3335 nomine,
1174 3256 1345 3322 Edwinum
1364 3271 1398 3324 et

349 3367 526 3444 Edredum,
548 3367 601 3452 qui
634 3367 727 3432 ambo
752 3379 825 3451 post
853 3364 1076 3432 Ethelstanum
1107 3381 1319 3455 regnaverunt
1326 3395 1336 3448 3
1359 3382 1393 3434 et

348 3479 427 3544 duas
445 3479 535 3557 filias,
563 3478 745 3564 Edburgam
772 3475 845 3541 Deo
862 3484 1025 3566 sacratam,
1042 3499 1112 3561 quae
1138 3476 1309 3543 Wintoniae
1327 3479 1397 3564 qui-

348 3676 394 3714 also
402 3675 437 3714 his
445 3685 485 3714 sou
494 3675 536 3714 and
546 3685 656 3714 successor
669 3674 759 3713 Edward
771 3684 815 3713 was
827 3673 934 3712 interred:
950 3675 963 3696 ‘¹
973 3672 1037 3712 Dedit
1050 3675 1071 3712 et
1081 3674 1144 3712 Novo
1153 3673 1355 3724 Monasterio,quod
1362 3687 1399 3725 pa·

346 3745 379 3782 ter
392 3751 446 3782 suus
460 3741 560 3781 Altredus
574 3741 644 3780 erexit
656 3741 679 3780 ln
693 3740 807 3787 wintonia,
820 3739 902 3789 pradis
914 3740 990 3786 multa,
1003 3740 1026 3779 ln
1040 3751 1083 3789 quo
1096 3740 1186 3790 quiesctt
1198 3742 1323 3782 humatus.”

900 3805 1040 3847 Wasnros¹s
1057 3808 1114 3847 Aue.
1130 3808 1215 3856 Sacas,
1229 3809 1272 3849 vol.
1287 3810 1305 3848 1.
1319 3820 1339 3858 p.
1354 3811 1399 3850 289.

375 3885 385 3933 t
400 3883 433 3923 Sir
442 3882 535 3922 ltlchard
545 3881 622 3927 Baka.
633 3880 655 3920 ln
664 3880 698 3920 hla
708 3879 836 3926 Chronlcles,
846 3881 924 3918 assem
934 3881 981 3919 that
997 3881 1009 3902 ‘⁸
1019 3881 1109 3920 Edward
1117 3882 1167 3929 had,
1174 3883 1202 3932 by
1210 3883 1244 3921 his
1252 3883 1312 3922 three
1319 3883 1394 3929 wives,

348 3951 384 3990 slx
393 3960 443 3989 sons
451 3949 550 3988 andnlne
556 3947 679 3996 daughters,
688 3947 712 3986 of
718 3947 787 3986 whorn
794 3948 829 3986 his
836 3946 904 3986 eldest
912 3956 950 3986 son
959 3947 1072 3986 Athelstan
1083 3948 1198 3987 succeeded
1207 3948 1284 3988 himin
1293 3949 1330 3988 the
1337 3949 1400 3998 king-

347 4016 404 4062 dom,
413 4015 484 4053 whom
491 4014 526 4052 bis
534 4013 671 4061 grandfather
682 4013 739 4061 Klng
748 4013 824 4052 Allred
832 4013 874 4052 had
886 4013 938 4052 with
946 4013 980 4052 his
988 4023 1035 4052 own
1044 4014 1113 4053 hands
1122 4015 1228 4062 knighted
1236 4016 1257 4054 ln
1267 4026 1294 4054 au
1303 4018 1399 4054 extraor-

347 4081 422 4130 dlnary
430 4091 526 4126 manner,
536 4079 623 4128 puttlng
631 4080 740 4128 upon'him
749 4090 762 4119 a
770 4080 845 4128 purple
854 4081 910 4127 robe,
924 4080 966 4120 and
975 4080 1060 4129 girding
1068 4081 1114 4120 him
1122 4081 1175 4121 with
1188 4093 1200 4120 a
1211 4081 1279 4130 girdle
1292 4082 1392 4131 wrought

347 4149 398 4188 with
407 4147 486 4197 pearl.”
512 4148 561 4194 Peg.
576 4147 595 4185 9.

373 4227 385 4250 “
400 4225 451 4266 Vls:
465 4225 499 4264 his
507 4224 564 4264 third
570 4223 625 4263 wite.
