3212 5206
345 504 369 544 Ν
699 503 826 546 annslcr
840 504 881 546 DE
893 503 1040 546 stnennvn
1217 505 1255 556 [Δ.
1266 507 1293 547 Ι).
1302 507 1395 550 mm

341 638 491 716 restituit,
502 638 537 703 in
546 637 748 705 dedicatione
758 640 900 707 eeclesiae
920 639 961 706 de
974 639 1244 729 Wynchecumbe,
1261 647 1393 728 †quam

341 755 409 838 ipse
431 749 588 829 fundavit,
603 751 637 816 in
653 765 812 818 conventu
827 753 980 819 tredecim
994 755 1217 841 episcoporum
1233 768 1267 820 et
1281 756 1394 821 decem

340 864 472 930 ducum.
526 863 612 929 Pren
645 887 731 946 vero,
754 865 829 931 licet
861 847 1049 954 scaptione
1081 865 1242 944 liberatus,
1266 890 1285 931 a
1307 869 1391 933 Can-

344 976 466 1042 tuaritis
487 999 554 1043 non
576 990 625 1043 est
639 989 786 1066 receptus
807 979 844 1044 in
857 1000 1004 1066 regnum.
1049 979 1118 1044 Rex
1140 992 1247 1044 autem
1271 979 1393 1044 Kenul-

343 1087 396 1154 fus
411 1089 578 1176 viginti‘et
592 1103 730 1175 quatuor
744 1092 836 1157 annis
850 1093 995 1179 regnavit
1009 1105 1043 1158 et
1057 1092 1147 1158 obiit.
1192 1093 1255 1158 Cui
1269 1105 1396 1159 sanctos

343 1206 494 1268 successit
516 1201 697 1268 Kenelmus
712 1203 797 1269 lilius
812 1205 892 1290 ejus.

385 1310 480 1380 XIV.
509 1312 574 1378 Hic
584 1313 698 1380 eodem
709 1338 796 1380 anno
805 1339 862 1400 per
872 1339 1013 1383 sororem
1027 1339 1127 1395 uam,
1138 1316 1394 1384 Oueneditcham

341 1427 482 1505 nomine,
505 1427 692 1515 martyrium
721 1428 901 1514 complevit,
925 1442 958 1494 ct
988 1430 1022 1493 in
1047 1428 1310 1495 Winchecumbia
1343 1445 1393 1496 est

341 1539 494 1626 sepultus.
541 1540 604 1606 Cui
626 1541 777 1607 successit
797 1541 894 1606 frater
914 1543 984 1629 ejus

384 1650 458 1718 XV.
482 1651 683 1731 ceolwulfus,
708 1653 763 1739 qui
784 1653 929 1741 regnavit
951 1675 1036 1718 anno
1058 1674 1134 1731 nno,
1158 1665 1191 1719 et
1212 1667 1322 1740 postea
1336 1675 1391 1719 ex·

341 1764 452 1852 pulsus
474 1776 532 1832 est.
577 1765 641 1831 Pro
661 1788 725 1850 quo
745 1767 890 1854 regnavit

384 1876 475 1944 XVI.
499 1877 704 1957 Bernvvollus,
726 1893 760 1945 et
781 1901 868 1945 anno
888 1880 980 1966 regni
1001 1883 1049 1946 sui
1072 1880 1167 1946 tertio
1188 1881 1228 1944 ab
1251 1879 1393 1968 Egberto

339 2012 414 2076 rege
429 1991 532 2054 victus
547 2001 580 2054 et
594 1991 732 2076 fugatus,
744 1991 785 2054 ab
804 1989 1022 2056 Orientalibus
1037 1990 1153 2078 Anglis
1167 1991 1333 2057 occiditur.

383 2099 493 2166 XVII.
517 2099 708 2168 Ludecanus
719 2103 879 2181 successit,
892 2101 948 2186 qui
962 2114 1034 2189 post
1044 2102 1209 2170 biennium
1224 2103 1264 2169 ab
1278 2103 1394 2191 Anglis

340 2211 486 2279 similiter
499 2215 620 2280 occisus
635 2227 691 2281 est.

382 2323 510 2390 XVIII.
534 2324 711 2390 Wichtlaus
725 2325 756 2390 ei
777 2326 939 2404 successit,
955 2325 1013 2391 sed
1028 2327 1067 2391 ab
1084 2323 1226 2412 Egberto
1241 2327 1393 2415 subjuga·

340 2449 392 2504 tus
407 2450 466 2515 est,
481 2449 515 2503 et
529 2438 620 2502 annis
630 2437 783 2504 tredecim
797 2440 950 2526 regnavit,
963 2450 997 2504 et
1008 2438 1119 2504 eedem
1134 2452 1218 2505 sorte
1234 2463 1299 2528 qua
1312 2463 1389 2528 prae·

341 2548 520 2617 decessores
534 2550 584 2616 sui
599 2549 751 2616 tributum
767 2549 872 2616 solvit.

382 2661 473 2728 XIX.
497 2660 661 2729 Bertullus
685 2663 838 2729 successit
861 2663 902 2741 ei,
919 2675 953 2728 et
967 2664 1007 2727 ab
1032 2663 1175 2750 Egberto
1201 2661 1390 2749 subjugatus

340 2791 388 2843 est
409 2791 441 2843 et
463 2778 554 2843 annis
574 2777 728 2844 tredecim
749 2778 905 2866 regnavit,
925 2792 958 2844 et
980 2777 1111 2844 tandem
1132 2801 1152 2843 a
1171 2778 1273 2844 Danis
1289 2777 1391 2865 Paga-

338 2889 389 2954 nis
404 2889 531 2976 firgatus
547 2903 607 2954 est.
654 2889 719 2955 cui
735 2892 888 2956 successit

381 3001 453 3067 XX.
486 3000 696 3079 Burthredus,
719 3001 774 3086 qui
805 3001 905 3088 filiam
938 3000 1067 3066 Eednlfi
1089 3000 1175 3087 regis
1206 3000 1392 3066 West-Sex-

338 3135 436 3179 onum
460 3113 685 3180 Ethelwithnm
707 3112 800 3178 duxit
822 3135 966 3190 uxorem,
989 3135 1082 3198 quem
1113 3113 1199 3179 Dani
1225 3111 1348 3201 Pagani
1372 3135 1392 3177 a

338 3249 438 3315 regno
461 3225 659 3312 expulerunt,
687 3249 787 3312 quum
812 3238 975 3312 regnasset
1005 3247 1105 3291 annos
1135 3224 1387 3311 quatuordecim.

343 3337 410 3414 Qui
425 3338 503 3404 adiit
519 3338 667 3416 Romam,
684 3338 728 3404 ibi
754 3361 830 3404 vero
845 3337 904 3404 diu
923 3338 1033 3404 vivens
1050 3338 1222 3404 defunctus
1236 3350 1294 3416 est,
1310 3337 1392 3402 etin

339 3451 471 3518 ecclesia
488 3452 614 3518 Sanctae
628 3451 748 3530 Mariae,
758 3473 831 3538 quae
846 3451 954 3518 schola
969 3455 1135 3517 Saxonum
1151 3450 1277 3528 dicitur,
1287 3448 1391 3535 sepul-

339 3574 391 3627 tus
406 3575 463 3630 est.
511 3565 653 3628 Demum
675 3585 812 3649 regnum
836 3562 1033 3627 Merciorum
1056 3561 1196 3639 evanuit,
1221 3582 1390 3648 quousque

339 3695 395 3740 rex
415 3671 566 3740 Alfredus
588 3676 756 3738 Danorum
780 3672 955 3739 exercitum
978 3670 1019 3737 de
1034 3694 1134 3760 regno
1148 3695 1207 3738 suo
1222 3671 1390 3762 expulerit,

365 3927 377 3972 t
394 3927 490 3976 Gmtton,
499 3927 604 3975 however,
613 3927 705 3968 ascribes
711 3927 748 3967 the
758 3926 857 3976 huildlnss
864 3927 889 3969 ol
894 3927 932 3967 the
941 3927 1022 3968 chnrch
1031 3927 1266 3978 otwynchecomhend
1272 3929 1310 3967 the
1320 3927 1392 3967 deleat

337 3997 363 4036 ol
375 3997 430 4036 Pron
445 4000 467 4036 to
481 3996 536 4036 otta.
564 3997 645 4036 “Then
659 3996 714 4036 after
726 3996 786 4036 these
801 3995 909 4043 vlctorles‚
924 3995 973 4036 ona
985 3995 1080 4046 huylded
1099 3997 1137 4036 the
1154 3996 1240 4036 ehurch
1254 3996 1279 4035 or
1292 3994 1393 4034 Wlnche-

337 4067 407 4105 comb.
441 4065 468 4105 ln
477 4065 514 4104 the
522 4068 580 4114 tyme
589 4065 613 4105 ot
619 4065 690 4104 which
697 4065 810 4115 hundius,
819 4065 861 4104 end
875 4065 898 4104 in
906 4064 944 4103 the
952 4074 1053 4114 presence
1061 4064 1086 4104 ol
1096 4063 1154 4104 x111
1164 4065 1256 4113 Bishops
1268 4063 1311 4102 end
1324 4072 1391 4113 meny

337 4133 400 4173 other
407 4135 466 4182 great
477 4134 563 4180 estates,
570 4133 599 4172 he
606 4133 732 4182 discharged
740 4134 776 4174 the
785 4133 850 4182 scyde
862 4133 941 4182 ngtert
955 4132 1075 4182 (otherwise
1084 4131 1152 4171 called
1161 4131 1226 4178 Pren)
1240 4131 1293 4180 king
1301 4132 1325 4171 of
1332 4130 1391 4172 Kent

337 4203 375 4241 ont
384 4199 598 4252 otlmprlronement,
607 4199 872 4242 mdsethimetllhertle.
886 4200 913 4241 A.
923 4200 950 4250 D,
960 4199 1020 4240 trost*
1045 4199 1136 4240 canon.
1151 4210 1173 4240 v.
1188 4199 1206 4248 1,
1220 4209 1241 4250 p.
1257 4200 1300 4239 1⁰2.
