3212 5206
193 547 220 586 A.
230 545 256 586 D.
264 543 320 592 57⁵.)
619 536 800 580 CHRONICON.
1218 535 1242 574 ti

192 694 256 748 tres
270 679 330 746 sub
344 678 434 744 nullo
449 689 569 744 rectore
584 699 720 764 regnum
734 676 867 742 vacavit.
917 673 1100 740 Transactis
1116 673 1246 761 triginta

193 794 294 860 tribus
315 793 407 858 annis
428 792 511 861 hanc
534 792 631 857 etiam
660 791 825 878 regionem
853 809 928 855 oum
958 789 1077 854 caeteris
1107 787 1246 852 obtinuit

196 905 364 993 Egbertus,
387 926 472 970 anno
504 903 738 970 Incamationis
768 900 951 967 Dominicae
979 899 1244 988 octingentesimo

192 1019 343 1084 vicesimo
357 1016 501 1102 septimo,
516 1013 608 1102 regni
621 1036 696 1079 vero
711 1013 761 1078 sui
774 1013 924 1078 vicesimo
939 1024 1060 1091 octavo.

378 1129 432 1195 Da
453 1147 594 1192 annisus
615 1145 850 1192 oamnmnrnm
871 1143 1065 1190 manorum.

240 1241 346 1328 Reges
363 1238 578 1306 Orientalium
594 1238 776 1326 Anglorum
796 1237 1042 1304 dominabantur
1062 1237 1097 1301 iu
1120 1237 1248 1302 Grann-

195 1353 418 1440 tebregeshire,
432 1355 445 1437 ΙΙ
463 1364 497 1417 et
519 1364 568 1416 est
581 1351 627 1417 ibi
643 1351 846 1439 episcopatus
863 1373 955 1427 unus,
978 1351 1069 1437 eujus
1089 1348 1181 1413 sedes
1198 1360 1247 1413 est

194 1465 279 1551 apud
302 1463 375 1552 Ely.
416 1465 482 1532 Qui
504 1462 667 1550 quondam
692 1475 759 1530 erat
780 1462 906 1529 abbatia
927 1460 1246 1546 sanctimonialium§

194 1598 296 1660 usque
325 1575 367 1640 ad
396 1589 523 1663 tempus
556 1575 691 1642 Henrici
716 1575 799 1662 regis
821 1574 917 1660 primi
938 1587 972 1640 et
992 1575 1079 1640 beati
1101 1573 1248 1640 Anselmi

196 1686 436 1754 Cantuarieusis
447 1688 685 1775 archiepiscopi.
730 1689 822 1754 Tunc
837 1688 963 1754 abbatia
975 1689 1008 1752 in
1019 1689 1247 1776 episcopatum,

195 1797 351 1864 moniales
365 1799 400 1864 in
415 1798 588 1864 monachos
602 1812 808 1865 commutatae
822 1816 907 1866 sunt.
964 1797 1056 1864 Idem
1071 1821 1128 1864 rex
1145 1798 1249 1864 domi-

195 1910 331 1976 nabatur
345 1910 380 1974 iu
395 1907 431 1974 N
432 1908 599 1988 orthfolke‚
615 1922 648 1975 et
672 1909 840 1975 Suthfolke
850 1937 860 1990 ς
895 1922 929 1976 et
948 1924 997 1975 est
1016 1910 1062 1975 ibi
1082 1911 1249 1998 episcopus

194 2045 288 2100 unias,
304 2023 394 2110 cujus
409 2021 499 2088 sedes
522 2035 570 2087 est
592 2021 680 2107 apud
697 2022 895 2100 Northwich‚
916 2045 987 2108 quoe
1009 2021 1171 2108 quondam
1188 2022 1250 2088 fuit

196 2133 282 2222 apud
297 2135 448 2202 Elmham
462 2133 513 2200 vei
528 2133 715 2200 Theford.*

282 2245 338 2311 Dra
361 2266 545 2313 somnians
567 2265 684 2311 nasum
705 2263 942 2311 onmrranruu
965 2265 1161 2314 annnorum

240 2355 369 2444 Regum
387 2357 600 2424 Orientalium
615 2357 794 2444 Anglorum
815 2359 947 2446 primus,
967 2373 1005 2424 ut
1022 2359 1131 2437 fertur,
1148 2359 1211 2425 fuit

238 2468 264 2535 I.
282 2469 369 2549 Uffa,
397 2469 442 2536 II.
458 2469 627 2548 secundus,
648 2469 808 2548 Titullus3
833 2472 945 2537 tertius
961 2471 1092 2557 quidem
1106 2473 1179 2554 fuit,
1195 2473 1253 2561 qui

195 2596 229 2648 et
243 2583 411 2660 maximus,
900 2632 902 2638 .

238 2692 301 2758 ΠΙ.
347 2692 551 2770 Redwaidus,
573 2693 631 2777 qui
659 2693 722 2758 fuit
750 2715 770 2757 a
791 2692 918 2759 Woden
939 2694 1092 2763 decimus,
1147 2695 1251 2783 Cujus

198 2826 309 2870 omnes
330 2802 512 2891 Anglorum
535 2817 568 2870 et
592 2805 756 2868 Saxonum
776 2806 949 2891 provinciae
968 2808 1048 2872 citra
1067 2807 1253 2874 Humbrum

233 3107 242 3153 Ι
259 3105 273 3127 “
281 3104 368 3151 amata
375 3113 425 3154 quae
433 3105 455 3144 et
464 3104 604 3154 cantabrigia,
614 3105 738 3145 Britannice
749 3106 877 3148 caer-Grant
886 3109 985 3150 dicitur.''

226 3173 237 3222 ς
250 3172 315 3212 Anno
323 3170 411 3211 Domini
419 3170 508 3219 Dcle,
516 3172 592 3211 beatus
601 3172 737 3221 Augustinus
746 3173 778 3213 XI
793 3185 850 3216 anno
863 3177 970 3218 adventus
985 3179 1020 3219 aui
1031 3181 1054 3220 in
1068 3181 1168 3230 anglum
1183 3185 1259 3227 Eccle-

199 3240 254 3280 siam
268 3239 391 3279 construxit
399 3238 422 3277 in
431 3238 479 3287 Ely,
487 3239 510 3278 iu
517 3239 620 3280 honorem
629 3240 655 3280 B.
664 3241 740 3282 Maria
747 3243 849 3292 Virginis.
858 3273 955 3287 ............
966 3247 1029 3287 Anno
1038 3248 1181 3299 Dctxxnl,
1192 3253 1255 3303 virgo

198 3308 314 3348 Ethelreda
327 3307 367 3357 my
381 3307 405 3347 in
420 3307 556 3347 eminentiori
564 3308 610 3347 loco
619 3311 774 3350 monasterinm
785 3315 909 3353 construxit
923 3325 987 3364 propa
1001 3316 1088 3356 fluentis
1104 3318 1204 3368 alveum
1233 3326 1255 3363 et

197 3379 280 3416 ooetum
295 3376 408 3425 utriusque
416 3385 484 3415 sexus
493 3375 534 3414 sub
541 3375 658 3415 monachili
664 3376 740 3418 habitu
748 3381 886 3430 congregavit
894 3395 899 3428 ;
926 3383 1004 3432 quibus
1013 3384 1061 3432 ipsa
1068 3385 1137 3434 prima
1146 3387 1203 3428 iacta
1211 3390 1254 3430 fuit

199 3443 428 3483 Abbaiiasaasunoto
441 3442 544 3483 wilfredo
559 3441 672 3484 ιιιιτίεῐίῐο.4
702 3444 843 3486 Wmaaor's
859 3447 918 3487 Are.
931 3449 986 3489 sax.
1009 3451 1051 3491 vol.
1066 3451 1084 3500 1,
1098 3463 1119 3502 p.
1134 3455 1179 3494 tas.
1202 3456 1256 3498 Vide

199 3509 339 3558 iniratvli.
650 3533 666 3566 ῃ

224 3579 236 3602 a
250 3577 279 3617 Or
287 3571 403 3618 Thetiord:
418 3579 431 3600 “
440 3576 488 3618 Duo
496 3577 591 3628 episcopt
598 3577 733 3628 provintiam
741 3580 802 3620 iliam
810 3591 879 3631 usque
886 3583 1007 3634 adaman·
1014 3585 1109 3637 Egbrioti
1116 3591 1172 3641 regis
1182 3592 1252 3634 Wart-

198 3653 304 3683 ssxouum
312 3648 427 3696 rexeruntr
442 3656 534 3695 quorum
546 3656 604 3686 unus
612 3646 700 3686 sedebat
708 3649 765 3696 apud
774 3649 885 3699 Dommoe,
892 3653 914 3691 et
922 3652 977 3692 alter
985 3656 1042 3704 apud
1050 3657 1158 3708 Elmham,
1167 3661 1258 3702 utinira

199 3711 301 3761 patebit.’'
326 3711 392 3752 Hm.
406 3723 438 3752 ns
452 3714 530 3754 Erras.
545 3713 649 3754 Noawro.
662 3715 686 3754 in
700 3714 886 3768 Wharton'sang.
900 3719 970 3769 Sacra,
980 3722 1024 3763 vol.
1041 3722 1059 3772 1,
1072 3736 1093 3775 p.
1109 3727 1155 3766 403.

226 3778 256 3819 Or
261 3779 306 3818 this
313 3780 352 3820 See
359 3781 396 3820 the
408 3781 558 3831 thirtyeighth
566 3782 642 3832 biahop
650 3793 693 3823 was
706 3783 803 3824 Arrattus
812 3796 836 3825 or
844 3787 966 3830 narratur.
993 3793 1007 3813 ‘¹
1015 3791 1174 3835 Hictranatuiit
1182 3795 1259 3836 sedem

199 3845 226 3886 do
233 3845 333 3886 iiimham
341 3847 398 3896 apud
405 3847 526 3889 Teiordiam
534 3853 629 3899 tempore
636 3851 692 3900 regis
697 3851 842 3894 Willieimiex
848 3855 918 3896 edicto
924 3857 1022 3908 consilii,
1029 3863 1054 3900 ut
1060 3861 1120 3911 prius
1126 3862 1210 3904 dictum
1215 3867 1258 3904 ert.

198 3913 348 3956 atterutrum
357 3915 664 3966 capellanusregiswilleimi.
684 3918 719 3960 io.

225 3981 256 4023 Oi
262 3981 299 4022 the
307 3992 343 4022 see
350 3982 489 4023 ofDommok
496 3983 558 4024 Felix
564 3996 609 4026 παι
617 3986 654 4026 tire
661 3985 710 4026 ssrst
721 3987 814 4037 Birhop:

379 4051 393 4072 ‘⁴
401 4050 431 4090 at
440 4050 582 4092 Domokthen
591 4063 634 4093 was
643 4054 711 4104 Feiyx
719 4055 786 4105 iyrste
793 4057 883 4108 byshop:

377 4117 408 4158 01
415 4118 526 4172 Batanaia,
534 4121 577 4162 and
583 4121 660 4171 taught
666 4122 703 4162 the
712 4123 800 4174 crystau
809 4118 891 4176 rayth.''

627 4188 864 4235 Eaanno'rcnor.
877 4205 900 4246 p.
913 4197 955 4239 itt.
