3212 5206
212 503 237 544 A·
253 501 280 542 D.
294 501 395 547 90¹·92b]
642 496 821 540 CHRONICON.
1234 495 1259 533 49

210 637 298 715 escit,
330 643 361 701 et
400 633 556 720 Edgivam
581 633 785 719 speciositatis
814 630 940 696 eximiae
977 628 1126 714 puellam,
1163 650 1259 713 quam

211 747 418 813 Ethelstanus
447 745 612 830 conjunxit
641 742 813 808 Lodowico
847 741 1083 825 Aquitanorum
1111 739 1258 824 principi.

212 857 306 922 Filias
321 878 392 920 suas
406 856 451 919 ita
473 855 714 928 institueretur
733 852 835 939 primo
855 851 954 915 literis
975 862 1132 927 vacarent,
1148 862 1258 935 postea

210 970 320 1033 colum
342 981 375 1032 et
392 989 486 1032 acum
508 977 713 1039 exercereut;
737 962 817 1026 filios
834 962 941 1038 etiam,
958 973 993 1025 ut
1009 960 1103 1047 plena
1123 959 1258 1025 eruditio

211 1077 375 1142 literarum
400 1078 504 1141 ineos
529 1076 674 1140 efflueret
685 1099 695 1154 3
718 1085 755 1138 ut
769 1072 810 1137 ad
835 1095 903 1138 rem
928 1071 1085 1158 publicam
1110 1093 1177 1136 nou
1187 1071 1256 1157 jam

211 1187 308 1252 rudes
322 1187 542 1272 procederent.

257 1296 318 1362 His
335 1296 559 1384 [temporibus]
578 1296 673 1362 Rollo
687 1299 708 1369 †
724 1295 844 1382 primus
859 1293 926 1358 dux
941 1291 1149 1357 Normauniae
1163 1292 1259 1356 duca-

212 1420 282 1472 tum
297 1408 435 1473 obtinuit
449 1429 489 1472 ex
503 1407 589 1471 dono
609 1406 717 1472 Caroli
737 1407 793 1490 qui
813 1405 969 1490 Edgivam
989 1403 1089 1468 filiam
1111 1402 1259 1468 Edwardi

210 1517 353 1583 duxerat.
401 1517 468 1593 Qui
480 1540 578 1602 quum
594 1517 633 1581 ab
648 1515 844 1581 adstantibus
859 1525 1052 1591 moneretur,
1063 1513 1192 1600 utrcgis
1205 1535 1260 1597 pe-

213 1627 286 1692 dem
302 1650 359 1714 pro
374 1628 459 1692 dono
482 1627 685 1707 oscularetur,
697 1625 886 1712 dedignatus
895 1624 1029 1710 genibus
1040 1625 1108 1710 ejus
1123 1623 1257 1700 advolvi,

211 1737 294 1822 pede
309 1736 506 1823 apprehenso
521 1759 629 1822 regem
643 1736 862 1822 resupinatum
877 1735 1063 1821 prostravit*
1099 1733 1261 1817 Sequutus

213 1860 263 1912 est
277 1847 359 1911 risus
375 1846 644 1925 Normanuorum,
660 1847 788 1911 Francis
807 1836 927 1910 ¹factum
941 1843 1258 1930 reprehendentibus.

214 1957 357 2021 Excusat
373 1955 468 2020 Rollo
482 1957 724 2042 impudentiam,
744 1956 884 2040 allegans
906 1957 1015 2041 patriae
1040 1977 1106 2018 suae
1126 1975 1259 2018 morem.

214 2069 292 2132 Post
302 2067 363 2132 hoc
380 2066 619 2153 Rothomagum
634 2067 721 2143 adiit,
738 2067 846 2150 ibique
864 2065 949 2130 diem
964 2063 1086 2129 clausit.

256 2177 334 2242 Post
349 2200 449 2242 annos
464 2177 596 2242 Domini
611 2177 808 2262 noningenta
828 2189 962 2260 quatuor
971 2175 1132 2241 absolutus
1143 2187 1191 2240 est
1206 2199 1261 2241 rex

215 2288 400 2365 Edwardus‚
417 2300 451 2353 et
471 2288 690 2353 reconciliatus
705 2286 803 2374 Papae
817 2287 967 2352 Formoso
982 2309 1038 2373 per
1060 2286 1261 2372 Plegendum

213 2399 484 2485 archiepiscopum
495 2399 787 2480 Οιιιιῐιιαιίιιιιειειιι,1,1
799 2398 854 2482 qui
864 2420 928 2462 uno
939 2398 992 2462 die
1002 2411 1125 2484 septem
1134 2398 1261 2462 ordina·

214 2509 260 2574 vit
268 2511 430 2594 episcopos
445 2510 532 2595 apud
543 2507 760 2586 cantuariam,
772 2508 813 2571 ad
823 2507 971 2571 ecclesias
985 2507 1261 2584 west-Saxonum,

216 2642 288 2706 quae
303 2641 360 2705 per
371 2633 491 2705 septem
500 2641 601 2683 annos
614 2618 775 2682 destitutae
789 2617 914 2684 fuerant
924 2617 1088 2702 episcopis.
1137 2618 1182 2682 At
1197 2617 1263 2681 Ed-

215 2729 339 2794 wardus
355 2730 437 2793 viam
454 2730 605 2792 universae
619 2729 722 2792 carnis
737 2728 894 2810 ingressus
909 2736 977 2803 est3
992 2729 1006 2809 ξ
1024 2728 1157 2812 quiescit
1179 2728 1264 2812 apud

154 2898 157 2902 ,
216 2838 413 2902 Wiutoniam
426 2838 481 2901 ubi
506 2850 579 2902 ante
601 2837 808 2922 quadriennio
829 2836 957 2902 fratrem
977 2860 1070 2902 suum
1091 2835 1266 2902 Ethelwar·

215 2950 291 3014 dum
307 2948 480 3034 sepelierat.
578 2947 581 2952 ’

241 3221 252 3264 t
267 3219 293 3259 Δ.
303 3219 330 3258 D.
345 3219 390 3258 876.
408 3218 481 3257 “Thia
496 3229 546 3268 year
560 3219 623 3258 Rullo
631 3220 756 3268 penetrated
766 3221 897 3269 Normandy,
906 3221 948 3261 and
961 3222 989 3261 he
997 3221 1086 3270 reigned
1102 3221 1151 3271 fltry
1161 3221 1267 3262 uinterr.”

213 3287 268 3327 sax.
277 3287 370 3326 curor.
405 3287 419 3308 “
427 3285 490 3326 Rollo
498 3296 549 3326 cum
558 3285 604 3326 auia
613 3287 771 3326 Narmanntam
780 3288 902 3337 penetravit
911 3290 935 3328 lt
945 3288 993 3328 Kal.
1003 3288 1148 3328 Decembris.''

1074 3355 1145 3394 rma.
1152 3353 1210 3394 'anuo
1219 3354 1263 3396 ata.

238 3419 250 3466 τ
264 3419 467 3460 Puuucrruunurr:
483 3419 630 3468 Plegmnudue
638 3419 680 3459 luit
695 3421 798 3468 magister
809 3420 898 3460 Aluredl
906 3420 961 3469 regu
970 3421 1024 3459 bene
1032 3420 1144 3466 iltcratur;
1158 3421 1196 3468 qul
1204 3407 1266 3468 jussu

216 3485 280 3533 Papa
289 3485 384 3524 Formati
393 3485 507 3525 destitutas
522 3486 628 3526 Ecclesiae
644 3486 797 3536 Episcoporum
811 3487 958 3536 perunctum
969 3487 1066 3526 iustltmt
1075 3486 1200 3535 Itpiacopor¹
1210 3491 1233 3527 et
1246 3488 1269 3528 in

214 3551 266 3590 urbe
272 3551 399 3594 Dorobemil
406 3555 489 3602 reptem
498 3553 613 3602 Episcopoe
623 3563 667 3594 uno
676 3553 710 3592 die
718 3553 864 3602 consecravit,
872 3557 894 3593 et
903 3553 958 3592 aedit
967 3553 1033 3592 annia
1040 3552 1137 3592 xxlv.”

277 3609 290 3634 ‘
721 3621 807 3660 Scurra.
817 3619 1006 3660 Bracaruorou'a
1015 3619 1072 3659 Vltae
1084 3618 1272 3661 mancinum.

241 3683 403 3732 Phlegmundur
412 3685 509 3725 omnium
518 3685 553 3724 aui
561 3684 662 3734 temporis
671 3685 855 3734 indoctissimus,
864 3686 887 3726 lu
897 3686 977 3726 Marcia
985 3686 1097 3732 oriundus,
1104 3686 1226 3726 adolescens
1237 3686 1274 3726 ad-

215 3750 258 3790 huc
278 3752 418 3791 monastimm
438 3752 506 3792 vitam
526 3752 647 3800 amplexus,
661 3753 781 3801 complures
798 3764 867 3803 anuos
882 3753 971 3793 eremita
984 3754 1042 3793 vixit
1057 3753 1079 3793 iu
1094 3754 1166 3794 incula
1180 3753 1268 3800 Castris,

216 3825 265 3864 que
279 3816 306 3855 ab
318 3816 357 3856 illo
371 3815 567 3866 rmagmunutmm
575 3817 752 3868 dictaputatur.”

731 3885 828 3926 Gouwra
838 3896 869 3926 uu
878 3887 985 3926 Panem..
994 3896 1015 3934 p.
1025 3887 1057 3924 48.

242 3951 253 3997 ς
268 3946 295 3988 Δ,
304 3948 331 3988 D.
341 3949 385 3988 92⁵.
412 3949 426 3971 ‘⁸
433 3948 461 3988 Et
468 3949 520 3988 obiit
527 3950 568 3990 iste
576 3961 616 3989 rex
630 3951 707 3990 noarlu
716 3952 834 3991 Edwardur
843 3953 900 4001 apud
914 3953 1020 3992 Farlndon
1029 3963 1066 4001 per
1076 3952 1122 3992 XII
1137 3949 1237 3991 milliaria
1244 3951 1271 3991 ad

214 4015 368 4054 occidentalem
373 4017 456 4076 purtem
465 4015 563 4064 Oxonue,
572 4018 593 4055 et
602 4016 699 4064 sepultus
708 4020 742 4057 ert
750 4017 865 4058 Wintouiae
876 4018 898 4058 in
908 4019 970 4059 Novo
979 4017 1109 4059 Monasterio
1116 4018 1180 4066 Juxta
1189 4019 1272 4066 patrem

215 4091 280 4122 auum
289 4081 430 4122 aluredum.”

501 4147 522 4187 J.
536 4149 601 4189 Roas.
616 4150 682 4189 Hiar.
697 4159 718 4200 p.
728 4149 758 4190 at.
