3252 5170
226 501 255 540 A.
269 499 296 540 D.
313 499 378 548 lim-l
699 497 880 539 CHRONICON.
1258 498 1284 538 st

224 634 349 700 duabus
363 631 461 720 galeis
471 631 624 720 applicuit
635 632 670 698 in
683 631 891 710 Sclaveniam,
900 643 934 698 et
945 634 1100 698 transiens
1111 633 1283 700 Venetiam

224 758 259 810 et
273 743 465 832 Aquileiam,
481 744 641 831 ingressus
655 757 705 809 est
719 743 945 820 Allemaniam,
961 757 994 809 et
1008 743 1054 808 ibi
1068 767 1088 810 a
1101 743 1183 808 duee
1198 746 1283 808 Aus-

225 855 394 922 trariorum
408 868 518 942 captus
532 868 598 932 est;
621 869 655 921 et
670 852 814 920 Henrico
834 854 1018 942 imperatori
1039 854 1081 919 ad
1101 855 1282 920 eustodien-

225 966 303 1032 dum
320 967 473 1034 traditur:
497 968 551 1032 sed
570 968 700 1034 tandem
714 968 867 1034 liberator
881 990 901 1032 a
915 966 1060 1034 custodia
1068 967 1213 1054 ejusdem
1224 989 1283 1055 pro

224 1091 356 1144 centum
376 1079 463 1144 mille
482 1079 571 1144 libris
588 1079 823 1166 sterlingorum,
850 1079 965 1167 partim
979 1078 1099 1166 pacatis
1112 1092 1147 1145 et
1167 1079 1283 1166 purtim

225 1190 395 1278 promissis
441 1192 505 1257 Pro
526 1193 616 1278 eujus
634 1191 823 1256 liberatione
846 1191 986 1256 thesauri
1007 1213 1120 1256 omnes
1141 1189 1284 1258 ecelesia

226 1302 413 1389 Anglicanae
422 1302 581 1368 dadanot
629 1301 697 1379 Qui
708 1325 809 1389 quum
821 1323 965 1366 reversus
977 1315 1061 1367 esset
1070 1301 1106 1367 in
1115 1301 1279 1388 Αηςὶὶαιιι,

223 1426 259 1479 et
287 1414 443 1492 universa,
473 1437 545 1501 quae
574 1437 631 1502 pro
652 1413 874 1501 redemptione
895 1414 994 1500 ipsius
1015 1413 1091 1480 data
1105 1427 1217 1480 essent
1238 1413 1280 1480 de

223 1524 374 1603 eeclesiis,
403 1525 527 1613 integre
549 1526 747 1603 restituisset,
770 1539 804 1592 et
825 1545 963 1612 regnum
985 1526 1137 1592 suumin
1159 1549 1285 1592 summa

224 1658 302 1723 paee
318 1638 545 1715 confirmasset,
555 1637 769 1703 transfretavit
782 1637 817 1702 in
833 1636 1077 1703 Normannium
1123 1635 1191 1702 Ubi
1204 1638 1286 1703 dum

224 1748 311 1814 eirea
338 1761 480 1814 castrum
509 1747 671 1832 quoddam
693 1762 812 1814 arctam
834 1747 952 1812 faceret
971 1746 1180 1827 obsidionem,
1204 1747 1285 1814 dnm

225 1858 333 1922 minus
347 1871 440 1924 caute
455 1871 612 1945 pergeret,
627 1881 646 1923 a
666 1856 804 1943 quodam
822 1879 953 1923 suorum
972 1857 1085 1922 balista
1104 1877 1283 1945 percussus,

226 1969 359 2047 interiit,
382 1981 493 2034 octavo
516 1967 594 2034 Idus
621 1969 742 2034 scilieet
772 1968 904 2053 Aprilis,
926 1981 1093 2056 postquam
1122 1983 1286 2056 regnasset

224 2102 282 2167 per
297 2103 398 2146 annos
412 2104 537 2161 novem,
554 2082 717 2146 mensibus
738 2079 817 2158 VII,
834 2080 947 2146 diebus
968 2080 1082 2146 decem
1103 2095 1137 2146 et
1158 2097 1284 2160 novem,

222 2204 258 2256 et
275 2190 418 2278 sepultus
440 2192 546 2258 estad
564 2191 702 2257 Fontem
725 2191 877 2257 Everardi
899 2191 941 2256 ad
962 2192 1060 2278 pedes
1082 2193 1180 2280 patris
1201 2193 1286 2258 sut*

225 2303 327 2389 Cujus
342 2303 391 2386 (ut
405 2302 540 2389 dieitur)
552 2302 753 2388 epitaphium
768 2301 830 2367 hoe
844 2315 902 2379 est,

311 2414 383 2490 Hie,
399 2415 656 2498 Ricarde,jaeer;
671 2415 725 2476 sed
736 2416 766 2477 si
775 2435 856 2477 mors
871 2415 985 2478 eederet
996 2415 1102 2492 amis,

363 2526 451 2590 traua
466 2529 571 2591 amore
582 2529 639 2603 tui,
656 2526 774 2590 cederet
787 2529 854 2610 ipsa
872 2529 940 2590 tais.

575 2722 629 2787 De
643 2721 808 2786 Jonauuu
824 2742 923 2786 neos.

268 2859 365 2924 Anno
389 2857 489 2945 igitur
517 2855 652 2922 Domini
675 2857 844 2924 millesimo
869 2858 1044 2924 centesimo
1075 2860 1285 2946 nonagesimo

225 2993 313 3036 nono
326 2970 479 3036 successit
494 2967 600 3034 eidem
616 2968 757 3034 Ricaulo
779 2969 802 3034 J
803 2971 946 3036 ohannes
961 2970 1057 3035 frater
1072 2973 1150 3058 ejus,
1167 2986 1200 3037 et
1214 2995 1285 3058 reg-

224 3084 314 3149 navit
336 3081 554 3170 septendecim
575 3083 667 3147 annis
682 3095 715 3147 et
738 3084 900 3148 mensibus
921 3083 1072 3168 quinque.
1117 3086 1217 3150 Porro
1232 3086 1285 3150 die

225 3194 431 3260 Ascensienis
444 3206 615 3258 eoronatns
630 3207 679 3258 est
701 3193 787 3278 apud
812 3193 1132 3260 westmonasterium
1147 3217 1205 3280 per
1219 3219 1285 3261 ma-

224 3331 286 3376 nus
298 3309 437 3376 Huberti
450 3308 635 3375 Cantuariae
644 3309 873 3397 archiepiscopi
885 3337 894 3389 3
917 3324 950 3375 et
960 3323 1070 3395 postea
1081 3311 1285 3376 translietans

223 3424 259 3487 in
275 3421 518 3499 Normanniam,
536 3423 643 3488 amislt
658 3421 737 3487 duas
751 3422 857 3500 urbes,
874 3421 1150 3488 Oenomannieam
1165 3437 1198 3488 et
1213 3423 1285 3488 An·

222 3533 456 3622 degarensem3
479 3545 510 3599 et
524 3533 569 3598 sie
590 3531 717 3597 rediens
728 3532 763 3596 in
779 3530 942 3619 Angliam,
956 3531 1090 3596 multam
1107 3533 1239 3599 extorsit
1254 3548 1285 3599 et

249 3819 263 3854 ὅ
276 3829 328 3868 Asa
340 3828 406 3868 taken
420 3829 445 3868 os
454 3829 490 3869 hle
502 3828 642 3870 bumllmtion
655 3829 698 3869 and
712 3839 805 3869 remorre
818 3829 852 3868 for
864 3829 899 3869 bis
912 3830 971 3869 eruel
984 3831 1027 3870 and
1040 3831 1152 3871 undntltul
1165 3831 1285 3872 bebavlour

222 3903 319 3944 “warde
327 3903 361 3943 lrls
368 3903 447 3950 father,
455 3903 527 3944 ulrich
534 3906 548 3926 ‘⁴
555 3907 578 3944 at
585 3904 619 3944 bl·
628 3905 693 3944 death
701 3904 729 3944 he
738 3903 884 3944 remembered
893 3903 946 3943 with
954 3905 1075 3954 bewailing,
1082 3899 1126 3946 eud
1134 3907 1218 3947 desired
1226 3910 1250 3946 to
1258 3907 1285 3947 bs

224 3979 613 4030 burlednnearhtmasmlglrtbe.”
634 3981 728 4020 Bam.

250 4055 316 4095 Anno
327 4055 407 4094 Gratius
418 4056 474 4094 1199.
496 4055 615 4095 Morituros
623 4055 773 4103 innuentem
782 4063 848 4094 suum
856 4053 914 4103 apud
923 4053 1014 4093 Fontem
1027 4055 1129 4103 Ebraudl,
1138 4065 1201 4095 secus
1217 4056 1282 4106 pedes

223 4131 291 4180 petris
299 4130 341 4178 sul,
350 4131 415 4180 eujus
431 4130 562 4179 proditorem
571 4140 594 4172 re
607 4129 1049 4179 confitebann,sepelir1jubenmceleuae
1064 4131 1232 4180 ltothomagensl
1248 4143 1284 4172 cor

226 4215 292 4244 suum
310 4204 485 4254 lnexpngnablle.
500 4207 585 4254 propter
600 4215 662 4244 suam
675 4203 811 4244 dilectionem
830 4213 896 4251 quam
910 4204 1016 4244 adversus
1029 4205 1167 4245 Normannor
1188 4207 1282 4254 gerebat,

222 4278 311 4327 legarit.
344 4278 409 4327 Apud
417 4287 513 4321 oestrum
528 4289 577 4320 vero
585 4279 714 4328 predictum
722 4277 853 4317 viseeresua
861 4276 884 4317 ln
892 4277 984 4318 eeclesia
996 4279 1084 4318 recondi
1095 4278 1183 4328 lubens,
1192 4285 1284 4320 stercora

225 4354 447 4406 mammarum,
456 4358 541 4407 propter
548 4365 595 4397 rurs
602 4352 732 4406 prodideris
738 4355 819 4402 notun,
827 4351 921 4402 reliquit.
948 4352 1040 4394 Fnoass
1055 4353 1124 4394 ll1sr.
