3252 5170
209 467 345 552 aanor]
630 493 808 538 onnoxrooa.
1235 491 1259 528 or

212 652 306 717 datus
321 666 369 716 est
384 674 457 716 cum
483 673 557 738 rege
584 649 757 739 Stephano,
785 650 841 737 qui
856 649 1000 736 proximo
1016 671 1101 712 anno
1116 647 1262 732 sequenti

212 765 300 842 obiit,
317 787 425 851 ¹quum
440 772 601 851 regnasset
624 762 834 829 novendecim
858 762 959 838 annis,
987 759 1192 846 sepultusque
1216 771 1263 823 est

213 875 298 963 apud
321 875 510 941 Faversham
532 877 624 962 juxta
645 874 814 940 Matildem
838 874 981 960 reginam
997 895 1086 936 suam
1114 870 1263 935 etlilium
1344 896 1346 902 ’

214 988 357 1070 ipsorum
374 986 581 1052 Eustachium
597 987 632 1050 in
655 987 782 1052 abbatia
797 1008 892 1070 quam
907 1008 926 1048 a
947 983 1163 1048 fundamentis
1187 1006 1262 1047 con-

219 1111 385 1176 struxerat,
398 1111 434 1162 ut
448 1098 541 1163 hodie
554 1098 732 1176 cerniturll

536 1283 591 1348 De
617 1283 771 1349 Hnmuco
793 1303 879 1348 ason
902 1281 945 1346 ΙΙ.

258 1422 356 1486 Anno
371 1421 468 1508 igitur
482 1421 615 1487 Domini
632 1419 788 1497 MCLIV,
806 1420 966 1486 Henricus
979 1418 1062 1482 lilius
1078 1417 1263 1504 Imperatri·

216 1535 260 1600 eis
285 1533 326 1598 de
343 1531 500 1610 Galfrido,
515 1533 631 1597 comite
653 1531 857 1618 Andagaviae,
882 1531 1021 1616 suscepit
1037 1552 1172 1616 regnum
1196 1531 1266 1592 An·

217 1646 351 1730 giorum,
374 1659 407 1709 et
430 1647 533 1709 tenuit
555 1647 646 1708 annis
676 1643 746 1707 XX
769 1651 802 1708 et
831 1644 983 1728 quinque,
1006 1641 1168 1706 mensibus
1198 1663 1262 1705 sex.

215 1755 288 1832 Hic,
314 1769 350 1820 ut
370 1754 558 1842 praedictum
573 1768 630 1831 est,
655 1776 789 1818 uxorem
813 1753 906 1818 duxit
932 1752 1124 1828 Elianoram,
1140 1750 1181 1815 de
1202 1774 1267 1837 qua

212 1867 325 1954 genuit
335 1864 543 1940 willelmum,
560 1866 615 1950 qui
630 1866 693 1929 cito
709 1864 795 1941 obiit,
812 1874 845 1930 et
862 1865 1049 1940 Henricum,
1066 1863 1121 1948 qni
1136 1861 1265 1928 diceba-

214 1955 266 2042 tur
284 1977 392 2063 junior
406 1999 471 2052 rex,
488 1977 563 2061 quia
575 1976 705 2041 vivente
730 1988 818 2061 patre
841 1989 1006 2040 coronatus
1030 1988 1087 2051 est,
1112 1973 1168 2039 sed
1192 1987 1266 2038 ante

216 2101 341 2174 patrem
356 2087 444 2152 obiit.
488 2086 605 2152 Postea
619 2087 731 2174 genuit
744 2085 928 2164 Ricardum,
942 2086 1120 2151 Galfridum
1142 2107 1270 2172 quoque

219 2201 378 2264 Comitem
406 2199 588 2275 Britanniae,
616 2212 737 2283 patrem
767 2198 886 2263 scilicet
910 2199 1020 2262 Arturi
1043 2212 1078 2262 et
1102 2196 1268 2262 Elianorae.

217 2311 341 2376 Genuit
356 2311 451 2376 etiam
471 2310 663 2389 Elianoram,
689 2333 782 2395 quam
799 2309 893 2376 duxit
908 2309 1101 2375 Aldefonsus
1116 2332 1173 2374 rex
1188 2309 1269 2374 Cas-

220 2422 314 2499 tellae,
345 2438 379 2486 et
405 2421 590 2486 Johannam
610 2445 707 2507 quam
728 2422 820 2486 duxit
846 2420 1026 2486 Willelmus
1049 2444 1106 2486 rex
1135 2421 1270 2501 Siciliae;

220 2535 296 2598 item
312 2533 336 2598 J
337 2533 497 2599 ohannem
510 2556 626 2621 regem.

262 2644 361 2709 Porro
387 2667 471 2709 anno
493 2646 592 2730 ipsius
615 2644 749 2710 Henrici
775 2645 889 2730 quinto
913 2645 1007 2709 duxit
1033 2644 1119 2709 idem
1139 2667 1195 2710 rex
1212 2668 1268 2709 ex-

220 2758 354 2822 ercitum
378 2756 463 2843 apud
478 2755 638 2836 Tolosam,
662 2757 912 2841 ubiprobissime
933 2779 965 2821 se
982 2755 1125 2822 exhihuit
1136 2757 1272 2822 Thomas

224 2867 368 2954 ejusdem
383 2867 609 2948 cancellariae,
625 2882 658 2934 et
672 2884 745 2955 post
760 2867 828 2933 haec
837 2890 980 2934 reversus
996 2882 1044 2934 est
1060 2869 1093 2933 in
1108 2868 1271 2955 Angliam,

226 3002 326 3065 quum
367 2979 622 3066 archiepiscopus
657 2980 847 3058 Cantuariae,
884 2980 1072 3046 venerabilis
1108 2981 1272 3046 memoriae

221 3091 458 3172 Theobaldus,†
487 3091 574 3157 diem
588 3092 750 3157 clausisset
775 3115 964 3179 supremam.
1010 3091 1066 3156 Ad
1089 3093 1272 3157 instantiam

220 3203 304 3288 regis
320 3200 439 3267 electus
461 3215 509 3266 est
533 3201 703 3284 Thomasss
718 3201 774 3266 sed
789 3225 849 3266 neo
864 3201 966 3267 multo
986 3215 1056 3289 post
1071 3217 1273 3267 consecratus

222 3327 288 3377 est:
302 3334 394 3398 porro
405 3325 477 3398 post
485 3312 755 3376 consecrationem
766 3313 929 3398 ejus,anno
939 3312 1085 3378 videlicet
1095 3313 1197 3390 tertio,
1209 3327 1277 3377 orta

223 3437 271 3489 est
287 3423 444 3488 discordia
458 3424 542 3488 inter
562 3445 671 3509 regern
686 3436 720 3488 et
743 3424 1016 3510 archiepiscopum
1031 3447 1125 3510 super
1140 3446 1276 3489 consue-

225 3535 389 3601 tudinibus
404 3537 505 3622 regni,
529 3558 587 3623 pro
614 3536 728 3621 quibus
750 3536 845 3601 etiam
862 3535 993 3600 exilium
1019 3559 1130 3622 passus
1146 3552 1193 3602 est
1217 3559 1275 3624 per

246 3745 264 3785 1
276 3745 303 3784 In
310 3745 420 3795 scophen’s
427 3745 494 3794 reign,
503 3755 551 3795 say·
559 3747 596 3785 the
609 3747 686 3785 author
694 3745 718 3784 ol
724 3746 760 3785 the
770 3745 961 3794 Polychronicon,“
970 3745 1024 3794 dcyd
1033 3745 1047 3784 J
1048 3746 1143 3785 ohannes
1152 3747 1178 3786 de
1187 3745 1277 3796 Tempo-

220 3812 287 3859 rlbua,
296 3812 344 3851 that
357 3812 399 3851 had
408 3812 471 3860 lyved
480 3813 540 3852 three
548 3813 644 3853 hondcrd
652 3823 701 3863 yere
712 3813 761 3852 thre
768 3823 827 3852 acore
839 3813 881 3852 and
890 3823 930 3852 one
939 3813 981 3852 and
994 3815 1020 3852 he
1029 3813 1165 3862 squycrwith
1172 3813 1209 3853 the
1218 3818 1277 3864 grate

224 3880 319 3928 enarres(
331 3878 515 3928 Charlemagne).”

248 3948 259 3996 ς
275 3946 332 3986 “Hic
352 3945 488 3984 'theobaldus
506 3945 641 3994 pontificatus
662 3946 697 3985 sul
713 3945 1134 3995 annoXX11,A.D.McLXI‚oblit,
1153 3950 1175 3986 et
1189 3948 1275 3988 vacavit

220 4015 310 4055 ccclesia
318 4024 374 4053 anno
381 4013 400 4061 1,
409 4023 483 4052 mense
497 4013 676 4061 I,ctdiesXIV.’'
703 4015 880 4054 Bisonmoron.

250 4083 261 4127 t
275 4081 391 4121 Theman
404 4081 501 4128 Becket;
523 4081 595 4120 whose
608 4081 691 4120 clerical
709 4081 848 4120 characteris
864 4081 915 4120 thus
931 4081 1050 4130 succinctly
1067 4082 1140 4122 drarm
1149 4083 1177 4131 by
1191 4081 1227 4121 the
1236 4081 1279 4121 last

227 4150 306 4190 named
319 4150 412 4190 author:
426 4149 466 4188 ‘In
481 4147 560 4198 Anglia
570 4149 741 4196 patentissimus,
761 4150 783 4187 et
802 4148 825 4187 in
841 4148 939 4188 omniurn
956 4149 1025 4188 oculis
1042 4149 1154 4197 gloriosus,
1175 4148 1279 4197 sapientia

221 4219 333 4267 preditus,
345 4218 455 4257 nobilitate
463 4217 519 4265 regis
532 4217 621 4262 amicus,
631 4217 680 4255 etin
693 4226 759 4266 regno
768 4212 896 4256 secundun!
924 4217 1017 4266 Gootrey
1026 4217 1050 4256 of
1056 4216 1196 4265 coldingham
1212 4217 1278 4266 stylos

222 4274 267 4324 thle
280 4283 406 4332 uenuianop
422 4285 435 4306 ¹⁴
444 4295 457 4322 a
469 4283 568 4322 valuable
578 4282 691 4331 champion
703 4283 774 4324 ottho
789 4283 900 4324 chorch-
905 4283 1011 4333 pretiosus
1018 4283 1099 4325 athleta
1111 4283 1199 4324 Domini
1210 4284 1275 4324 archi·

224 4351 337 4400 episcopus
346 4351 507 4392 cantuariensis
514 4351 614 4398 Thomas,
622 4350 673 4390 ἀπ’
