3212 5206
231 503 259 545 A.
268 502 294 543 Ι).
309 502 402 550 stitit]
489 499 530 519 ⁸*
549 499 560 512 ’
690 503 868 545 cunoricort.
1259 509 1284 546 81

222 642 306 730 fugit
317 640 488 706 Bernulfus
498 639 602 705 victus
622 640 849 707 miserabiliter.
898 642 972 707 Hoc
987 652 1105 706 eventu
1120 643 1281 731 Egbertus

226 755 338 833 elatus,
354 768 388 820 et
403 754 546 819 animum
557 752 598 819 ad
610 753 721 820 altiora
735 753 925 831 extendens,
935 753 1167 821 Ethelwulfum
1180 755 1282 821 filium

226 889 320 933 suum
343 888 420 931 cum
445 864 547 930 electa
566 888 664 932 manu
678 867 713 931 in
739 867 886 932 Cantiam
901 865 996 945 misit,
1013 869 1068 953 qui
1082 867 1282 951 provinciam

226 978 405 1044 dominatui
422 976 689 1044 westsaxonum
704 978 888 1066 adjicerent.
945 977 1039 1044 Missi
1060 980 1158 1066 igitur
1176 979 1279 1045 effica-

148 1143 152 1152 .
225 1092 304 1156 citer
328 1090 490 1177 imperatis
504 1090 700 1168 institerunt,
715 1089 879 1177 nimioque
896 1088 1002 1155 labore
1030 1090 1180 1155 Baltredo
1203 1112 1279 1177 rege

231 1201 357 1268 Cantiae
377 1202 507 1282 devicto,
529 1225 567 1267 ac
588 1201 672 1268 ultra
694 1201 847 1267 Tamesin
868 1201 1004 1266 fluvium
1026 1201 1169 1289 expulso,
1195 1201 1283 1268 Can·

229 1317 317 1392 tiam,
341 1313 561 1402 Suthereyam,
585 1312 748 1379 Australes
772 1322 807 1378 ct
831 1312 1011 1379 Orientales
1043 1313 1187 1379 Saxones
1216 1336 1283 1380 susc

129 1413 131 1418 ¹
224 1428 307 1514 parti
321 1425 541 1505 subdiderunt,
555 1433 641 1491 atino
663 1426 753 1513 regni
775 1426 844 1512 ejus
863 1427 1015 1493 vicesimo
1035 1439 1157 1512 quarto.
1207 1425 1281 1493 Nec

226 1538 328 1606 multo
349 1552 419 1626 post
445 1537 624 1604 Orientalcs
640 1537 750 1625 Angli,
763 1561 853 1626 reges
874 1537 1072 1604 Merciorum
1087 1538 1280 1606 Bernulfum

227 1665 261 1717 et
290 1650 511 1716 Ludecnuium
541 1647 744 1714 trucidarunt
751 1675 761 1728 ;
792 1671 966 1734 corumque
996 1671 1156 1715 successor
1173 1649 1282 1714 Wich-

225 1763 329 1841 lalius,
347 1762 450 1847 primo
473 1761 513 1824 ab
535 1758 677 1846 Egberto
696 1780 796 1846 regno
816 1760 952 1846 fugatus,
969 1783 1045 1825 mox
1063 1761 1099 1825 in
1113 1760 1210 1826 fidem
1227 1761 1283 1825 tri·

228 1873 382 1938 butariam
405 1883 569 1957 susceptus
589 1883 637 1934 est
656 1870 696 1935 ab
719 1869 843 1936 eodem.
889 1870 1076 1954 Eodemque
1094 1894 1178 1937 anno
1200 1870 1283 1938 Nor-

229 1984 411 2060 thanimbri,
427 1984 576 2048 timentes
598 2004 639 2046 ne
661 1980 719 2046 diu
740 1995 928 2069 conceptam
949 1984 1031 2048 iram
1058 1985 1093 2047 in
1123 1985 1207 2071 ipsos
1237 1983 1283 2048 ei-

225 2096 384 2173 iunderet,
400 2094 541 2173 tandem,
557 2093 639 2159 datis
659 2094 832 2174 obsidibnS,
848 2094 993 2160 faverunt
1007 2094 1174 2160 deditioni.
1231 2093 1282 2160 Ita

225 2223 292 2274 tota
307 2207 473 2272 Britannia
486 2207 615 2293 potitus,
625 2205 785 2300 reliquum
801 2206 884 2284 vitae,
901 2228 1002 2294 annos
1016 2205 1137 2271 scilicet
1151 2228 1279 2284 novem,

227 2317 393 2404 tranquille
409 2319 555 2394 cucurrit,
576 2317 638 2381 uisi
658 2317 746 2404 quod
768 2318 918 2382 extremis
940 2318 1004 2382 fere
1028 2317 1141 2383 diebus
1167 2340 1281 2383 manus

226 2433 392 2498 Danorum
408 2431 539 2517 piratica
552 2429 712 2495 littoribus
727 2430 794 2516 ejus
810 2442 860 2494 cst
874 2429 1017 2516 appulsa.
1067 2429 1190 2496 Contra
1202 2452 1282 2516 quos

224 2567 324 2632 quum
350 2543 450 2628 copiae
478 2541 660 2630 Anglorum
692 2542 916 2619 constitissent,
946 2543 1074 2608 fortuna
1102 2564 1213 2628 regem
1242 2543 1277 2607 in

224 2657 328 2742 primo
351 2671 467 2720 conatu
488 2653 643 2731 destituit,
666 2653 825 2738 siquidem
843 2675 946 2736 quum
963 2653 1087 2718 meliori
1107 2666 1196 2740 parte
1212 2652 1277 2718 diei

225 2767 386 2830 victoriam
398 2786 481 2850 pene
491 2777 682 2850 occupasset,
690 2764 759 2848 jam
770 2761 835 2826 sole
845 2775 994 2847 vergente
1005 2763 1039 2826 in
1051 2785 1199 2852 occasum
1210 2762 1277 2851 pal-

225 2897 313 2941 mam
322 2873 433 2939 amisit
467 2872 620 2958 Sequenti
630 2894 704 2937 vero
714 2870 765 2936 die
775 2871 939 2960 ingentem
953 2872 1193 2939 multitudinem
1208 2896 1281 2963 par·

226 3009 267 3052 va
285 3008 381 3049 manu
396 2984 564 3049 interfecit.
616 2982 719 3070 Igitur
733 2997 804 3070 post
818 3006 918 3049 annos
933 2986 1025 3072 regni
1039 2987 1090 3050 sui
1105 2986 1234 3073 triginta
1248 2999 1281 3052 et

226 3113 348 3186 septem
359 3110 391 3162 et
402 3118 524 3162 menses
539 3100 693 3182 septem‚‡
706 3095 792 3160 diem
801 3094 913 3162 clausit
924 3110 1112 3176 extremum,
1123 3097 1279 3183 sepultus·

227 3234 289 3296 que
305 3222 355 3275 est
371 3209 551 3286 Wintoniae,
568 3224 602 3274 et
616 3208 737 3296 positus
752 3221 801 3272 est
816 3208 857 3272 ad
872 3220 977 3295 patres
992 3231 1075 3274 suos.

253 3516 265 3564 t
279 3515 312 3554 He
320 3513 369 3554 died
377 3523 433 3553 anuo
440 3513 484 3561 836,
493 3512 582 3561 having,
590 3511 704 3560 according
712 3511 734 3549 to
743 3510 865 3560 Hardyng’s
874 3510 994 3559 chroniele,
1003 3509 1123 3560 argueras
1132 3520 1192 3561 years
1200 3524 1205 3551 :

327 3584 333 3604 ¹
347 3581 416 3620 When
425 3580 490 3631 Kyng
499 3580 579 3629 Eghert
587 3579 629 3618 had
635 3579 687 3629 tyuc
696 3578 738 3619 and
751 3577 818 3626 thirty
826 3587 875 3626 rere

327 3649 430 3698 ueygnei
439 3649 462 3688 in
470 3648 541 3695 laude,
551 3647 593 3688 anti
602 3645 641 3687 Ielt
650 3646 691 3685 full
699 3649 760 3696 great
768 3645 902 3694 ryckcneme,

329 3716 357 3755 Oi
363 3714 434 3754 which
444 3714 471 3753 he
478 3713 533 3764 dyed
541 3715 566 3754 of
572 3713 671 3762 Chrystes
681 3711 738 3752 birth
747 3709 788 3750 rull
797 3711 860 3761 olere,

326 3782 372 3821 'I'he
380 3792 429 3831 rere
437 3791 460 3821 oo
468 3781 528 3828 theu,
554 3781 619 3821 VIII.
630 3780 653 3822 c.
662 3789 705 3819 vm
714 3789 823 3829 expresse,

327 3849 384 3888 Pour
390 3849 433 3889 aud
440 3848 520 3896 thyrty,
528 3847 605 3887 nother
612 3857 671 3888 more
679 3857 707 3886 no
714 3846 777 3894 Iesse,

328 3916 357 3954 At
366 3915 505 3964 Wyucherter
513 3914 565 3954 then
573 3913 654 3964 royaliy
660 3913 748 3962 huryed.

329 3983 360 4023 Aa
368 3982 438 4022 Floret
446 3981 521 4032 nyeth
528 3982 571 4022 rud
579 3980 628 4021 weil
634 3980 685 4021 hath
694 3977 813 4032 notityed.”
