3212 5206
204 563 229 602 Δ.
240 561 266 602 D.
276 559 379 609 Midum]
634 556 808 600 CHBONICON
1229 553 1254 594 rt

204 714 238 763 et
252 698 440 764 strenuitate
466 675 523 762 sua
546 694 751 762 Londoniam
772 715 846 761 cum
867 693 1164 782 circumjacentibus
1194 705 1255 760 ter·

205 810 248 875 ris
262 811 470 894 recuperavit,
486 808 579 874 etsie
595 807 795 874 Marciorum
811 828 948 894 regnum
962 805 1021 870 sibi
1037 803 1217 893 adquisivit.

459 979 514 1045 Da
535 997 647 1044 annuo
668 996 1016 1044 uonrmumanoauu.

250 1101 358 1190 Reges
381 1099 706 1168 Northanimbrorum
728 1101 976 1168 dominabantur
1008 1101 1042 1166 in
1065 1101 1151 1167 omni
1171 1100 1257 1186 regi·

207 1236 269 1279 one
291 1236 365 1301 quae
386 1226 434 1280 est
466 1213 550 1280 ultra
581 1213 768 1280 Hnmbrum
800 1212 935 1278 fluvium
957 1233 1059 1296 usque
1084 1209 1257 1285 Scotiam.†

209 1327 374 1415 Erantque
398 1327 561 1412 quondam
582 1327 616 1392 in
639 1327 780 1414 partibus
803 1326 865 1392 illis
887 1325 1140 1413 archiepiscopus
1171 1323 1259 1391 Ebo-

206 1439 352 1516 racensis,
369 1438 535 1526 episcopus
557 1437 830 1526 Hagnataldensis,
845 1451 879 1504 et
888 1438 1055 1526 episcopus
1066 1436 1258 1525 Ripensis,‡

207 1552 375 1640 episcopus
406 1549 693 1628 Lindesfaruenris,
716 1549 757 1616 de
792 1549 938 1617 Candida
964 1551 1054 1632 Casa,
1087 1549 1259 1638 Hagustal-

208 1665 312 1730 densis
321 1677 354 1729 et
366 1662 517 1749 Ripensis
525 1662 712 1729 defecerunt
724 1690 734 1744 3
758 1661 1026 1728 Lindisfarnensis
1037 1676 1147 1730 antem
1160 1669 1261 1730 traus-

209 1777 291 1842 latus
313 1788 362 1842 est
383 1777 417 1840 in
439 1777 698 1843 Dnnelmensem

340 1912 395 1978 DE
420 1931 604 1978 NOMINIBUS
625 1931 741 1977 REGUM
762 1930 1121 1976 NORTHANIMBRORUM.

252 2049 351 2113 Anno
373 2047 412 2113 ab
435 2046 658 2112 Incamatione
682 2045 816 2111 Domini
842 2046 1101 2133 quingentesimo
1128 2046 1264 2133 quadra·

208 2161 330 2248 gesimo
345 2161 490 2248 septimo,
506 2172 577 2244 post
591 2157 715 2225 obitum
739 2157 890 2245 Hengisti
912 2159 1123 2246 sexagesimo,
1140 2157 1264 2226 North·

209 2273 424 2339 animbrorum
439 2271 575 2338 ducatus
600 2272 635 2336 in
650 2292 786 2359 regnum
810 2282 956 2336 mutatus
971 2283 1028 2340 est.
1075 2272 1265 2360 Primusque

212 2385 274 2450 fnit

253 2496 280 2562 Ι.
304 2496 363 2562 Ida
377 2495 463 2561 filius
486 2494 595 2581 Eopae,
612 2506 725 2560 natura
745 2493 871 2572 nobilis,
894 2506 988 2560 oetate
1006 2495 1208 2582 juvenculus,
1231 2510 1265 2562 et

212 2609 383 2675 mundanae
404 2608 514 2696 gloriae
536 2607 681 2695 cupidus,
703 2607 828 2694 regium
860 2629 980 2672 nomen
1002 2609 1062 2673 sibi
1084 2609 1262 2697 assumpsit.

213 2722 379 2786 Hactenus
394 2721 482 2786 enim
495 2720 535 2784 ab
551 2719 692 2783 adventu
708 2717 868 2804 Hengisti‚
878 2718 970 2782 annis
984 2742 1050 2784 uno
1065 2720 1173 2786 minus
1187 2743 1263 2785 cen·

212 2847 294 2909 tum,
308 2852 421 2918 regum
445 2831 567 2896 Cantica
587 2829 756 2916 praeceptis
777 2843 810 2894 et
831 2828 954 2917 legibus
975 2828 1261 2898 ducesNorthum-

213 2943 518 3034 briassubjacebant.
562 2941 626 3007 Hic
652 2955 761 3007 autem
782 2941 851 3021 Ida,
868 2964 886 3007 a
901 2965 1018 3031 magno
1035 2944 1158 3011 Woden
1180 2944 1268 3012 deci·

213 3077 292 3133 mus,
309 3055 401 3119 annis
416 3052 586 3119 duodecim
602 3053 635 3118 in
651 3075 752 3141 regno
766 3055 952 3139 permansit.
999 3056 1063 3122 Cui
1078 3060 1233 3126 successit

255 3165 300 3233 H.
333 3164 414 3243 Elle,
446 3165 487 3230 de
519 3189 584 3252 quo
617 3165 700 3231 dixit
739 3167 851 3232 beatus
892 3165 1076 3255 Gregorius,
1109 3170 1151 3236 ad
1183 3171 1269 3238 illius

211 3275 357 3344 alludens
379 3300 507 3354 nomen,
530 3277 617 3363 quod
649 3277 762 3347 Allan
786 3277 906 3344 ibidem
935 3293 1096 3367 oporteret
1115 3281 1266 3349 decanta-

214 3393 262 3469 ri3
286 3404 319 3456 et
338 3388 599 3478 quandoquidem
618 3389 827 3476 provinciales
843 3393 929 3459 Dari
938 3405 1136 3475 vocarentur,
1155 3397 1169 3479 ΙΙ
1193 3395 1268 3461 ideo

213 3507 249 3570 de
263 3509 312 3570 irc
326 3507 386 3572 Dei
398 3516 504 3570 essent
518 3502 663 3568 eruendi.
709 3501 780 3567 Elle
809 3515 918 3568 autem
942 3505 1087 3592 regnavit
1108 3510 1201 3573 annis
1216 3507 1271 3574 tri-

214 3620 304 3705 ginta
325 3630 360 3683 et
381 3629 526 3683 mortuns
548 3631 606 3682 est.
654 3614 721 3682 cui
742 3616 926 3682 successit*

242 3819 253 3863 t
267 3819 313 3860 The
319 3819 452 3869 kingdomor
457 3818 652 3859 northumberland
658 3821 680 3859 st
686 3817 734 3858 strat
739 3819 845 3860 consisted
852 3817 921 3860 ortuo
927 3820 1046 3870 provinces,
1054 3820 1112 3860 Deur
1118 3820 1161 3860 and
1166 3821 1271 3863 Berneich

241 3889 252 3936 t
266 3887 318 3928 Thia
334 3887 445 3937 Bithoprtc
458 3887 497 3928 hu
510 3887 564 3928 been
577 3887 642 3938 tately
654 3887 807 3936 rainstttnted
821 3887 877 3928 atter
888 3887 970 3938 having
986 3887 1030 3928 lain
1042 3888 1142 3928 dormant
1158 3888 1192 3928 tor
1204 3898 1272 3938 many

214 3956 331 3997 centurias.

239 4026 256 4066 1
269 4024 326 4071 Aila,
336 4023 350 4063 ί.
360 4033 379 4064 e.
390 4021 454 4062 God't
462 4031 534 4062 name.

242 4090 251 4137 Ι
267 4088 306 4129 Sec
319 4085 395 4127 Bede’s
404 4085 562 4127 Eeclcstuttcnl
569 4085 665 4136 Biston,
675 4085 706 4134 11,
717 4087 735 4126 1.

239 4157 252 4180 ·
272 4156 324 4214 «Ἃ,
340 4154 367 4195 D.
376 4156 421 4197 tta.
435 4153 545 4206 rmum
560 4152 677 4204 nouum
692 4152 902 4204 deEtthdc
916 4154 1004 4206 retem
1019 4150 1271 4204 astuhimttvmut!

215 4223 269 4264 Bar.
280 4223 371 4264 canoa.
