3252 5170
495 533 503 550 ·
563 523 608 568 nx
630 523 715 574 mer.
737 523 934 570 taurorum
1224 505 1283 566 145

278 674 376 749 Cnut,
389 672 530 737 omnium
544 673 810 756 praedecessorum
822 679 952 738 suor‘um
964 673 1129 750 maximus,
1142 674 1284 759 regnavit

230 781 366 868 gloriose
382 781 452 845 XX
466 783 567 848 annis.
992 837 1015 894 Α
1328 766 1335 778 '

277 892 448 970 Haroldus,
463 892 547 956 filius
561 894 639 979 ejus,
649 894 793 1014 regnpvit
808 891 858 958 IV
872 895 964 959 annis
979 907 1012 958 et
1027 893 1113 959 XVI
1127 895 1284 960 hebdom-

233 1025 357 1090 adibus.

275 1133 464 1200 Hardecnut
480 1137 648 1202 munificus
662 1137 815 1222 regnavit,
834 1136 924 1202 Cnut
937 1137 1031 1204 filius.
1080 1137 1191 1214 Quum
1212 1161 1283 1226 reg·

230 1258 336 1312 nasset
352 1241 387 1309 11
397 1246 499 1324 annis,
515 1246 550 1310 X
565 1247 678 1312 diebus
693 1247 808 1325 minus,
824 1261 926 1313 morte
940 1261 1115 1335 prereptus
1126 1262 1184 1314 est.

280 1355 465 1436 Edwardus,
494 1378 551 1421 rex
579 1357 682 1422 bonus
710 1370 744 1422 et
772 1359 932 1444 pacificus,
961 1359 1106 1445 regnavit
1134 1361 1169 1423 in
1198 1381 1282 1446 pace

232 1466 353 1532 XXIV
369 1468 471 1532 annis.

274 1578 445 1656 Haroldus,
471 1600 528 1644 rex
551 1579 707 1664 perjurus,
729 1577 747 1642 l
770 1601 855 1644 anno
880 1591 914 1644 et
942 1592 1050 1644 tamen
1079 1602 1145 1645 non
1175 1580 1281 1666 plene,

226 1711 324 1776 quem
339 1692 441 1775 patria
454 1688 592 1773 perdidit
609 1689 772 1774 injustitia.

269 1799 457 1876 Willelmus,
481 1799 625 1864 omnium
647 1799 872 1885 praedictorum
902 1821 1056 1879 summus,
1079 1799 1167 1866 XXI
1189 1802 1281 1867 annis

223 1909 364 1996 glorifice
380 1909 543 1996 splenduit
552 1935 563 1988 ;
587 1909 630 1974 de
646 1932 710 1994 quo
722 1909 845 1974 dictum
861 1922 925 1974 est:

333 2133 483 2196 Caesariem‚
505 2132 601 2196 (laerar,
621 2132 669 2186 tibi
688 2131 709 2185 ιί
728 2140 823 2186 natura
841 2133 956 2202 negavit,

370 2226 457 2290 Hanc,
479 2225 624 2290 Willelme,
637 2223 686 2279 tibi
697 2226 773 2280 stella
788 2235 891 2281 cometa
903 2227 984 2282 dedit.

268 2432 355 2498 Vide
372 2432 477 2520 igitur,
493 2432 603 2512 lector,
618 2445 651 2498 et
665 2431 836 2520 perpende,
853 2446 972 2516 quanta
987 2433 1120 2498 nomina
1135 2456 1206 2518 quae
1217 2435 1281 2501 cito

229 2545 271 2610 ad
284 2543 422 2608 nihilum
434 2543 642 2608 devenerunt.
691 2543 845 2620 Attende,
862 2566 981 2630 quaeso,
1002 2556 1036 2608 et
1053 2544 1155 2621 stude,
1180 2568 1280 2631 quum

223 2654 305 2718 nihil
315 2654 368 2718 hic
383 2654 488 2731 duret,
504 2666 540 2718 ut
551 2653 694 2737 acquiras
706 2653 764 2718 tibi
773 2675 909 2738 regnum
918 2665 951 2718 et
960 2654 1169 2718 substantiam
1182 2655 1278 2731 illam,

222 2785 294 2847 quae
323 2785 388 2827 non
424 2762 573 2826 deficiet:
597 2784 715 2829 nomeu
743 2762 825 2827 illud
859 2775 890 2828 et
924 2762 1079 2828 honorem
1116 2765 1172 2848 qui
1214 2786 1281 2829 non

225 2872 429 2958 pertransiet:
453 2883 699 2937 monumentum
730 2870 809 2936 illud
838 2884 872 2936 et
893 2872 1067 2938 claritatem
1092 2896 1161 2957 quae
1183 2873 1279 2939 nullis

226 2981 342 3046 seculis
367 2995 551 3046 veterascet.
606 2983 680 3046 Hoc
706 2981 917 3068 praemeditari
943 3004 1076 3048 summae
1103 2982 1282 3069 prudentiae

226 3104 272 3156 est
281 3115 290 3168 ;
314 3091 487 3178 acquirere,
503 3113 636 3157 summae
650 3089 830 3156 calliditatis
838 3118 849 3169 ;
873 3091 1014 3178 adipisci,
1031 3114 1164 3158 summae
1178 3092 1276 3158 felici-

228 3214 312 3265 taus.

265 3530 457 3618 Kaerlegion
472 3543 519 3596 est
535 3531 590 3595 uhi
608 3530 692 3596 Usca
707 3531 792 3597 cadit
806 3533 841 3598 in
856 3531 1004 3599 salinum.

266 3837 318 3904 De
332 3836 427 3903 laude
442 3838 618 3904 Britanniae
632 3838 678 3902 sic
694 3837 825 3922 quidam
839 3838 980 3924 scripsit3

329 4058 421 4112 Testes
435 4057 582 4112 Londoniae
595 4059 712 4112 ratibus:
731 4057 874 4112 wintonie
887 4059 994 4112 Baccho

330 4152 479 4206 Hereforda
490 4171 570 4223 grege
583 4173 590 4218 ;
610 4154 778 4207 wirecestria
790 4154 866 4224 fruge
878 4153 1056 4220 redundams;

328 4246 415 4300 Batha
427 4247 505 4313 lacu3
533 4247 651 4300 Salebira
661 4247 737 4312 feria
752 4247 896 4300 Cantuaria
907 4246 994 4316 pisce,

753 4345 796 4404 20
