3212 5206
261 458 434 506 amau-ms]
716 458 894 502 CHRONICON.
1284 466 1308 504 ⁵³

264 603 481 678 corruperunt,
507 604 539 657 et
563 591 743 658 Analavum
771 593 927 660 Sichtricii
954 595 1056 659 filium
1079 597 1119 660 ab
1152 597 1308 663 Hibernia

258 715 440 767 revocatum
452 724 560 788 regem
575 715 762 769 statuerunt.
780 705 827 770 At
838 728 911 770 vero
921 705 1121 784 Edmundus
1133 709 1309 773 exercitum

260 810 411 898 colligens
421 813 593 896 copiosum,
605 825 716 878 contra
725 836 781 882 eos
796 813 921 878 direxit
966 815 1091 881 Quibus
1102 839 1178 880 mox
1193 817 1310 881 ceden-

266 921 358 998 tibus,
374 943 483 1008 omnes
498 921 638 986 civitates
660 923 738 987 citra
759 925 944 988 Humbrum
958 925 1091 989 fluvium
1108 948 1173 990 suae
1186 925 1310 1012 redegit

269 1031 432 1117 potentiae.
475 1032 521 1097 At
534 1031 704 1112 Analavus‚
720 1034 860 1097 animum
871 1035 953 1120 regis
969 1047 1102 1112 tentans,
1112 1058 1185 1100 curn
1202 1038 1310 1101 Grim-

260 1139 358 1205 baldo
383 1140 450 1205 filio
475 1141 656 1206 Gormundi
686 1141 884 1207 deditionem
920 1144 1045 1222 obtulit,
1073 1144 1309 1211 christianitate

263 1250 384 1316 obside.
428 1250 525 1316 Quod
550 1275 651 1338 quum
674 1253 732 1318 diu
751 1276 817 1318 non
840 1255 1028 1334 observaret,
1057 1279 1139 1322 anno
1162 1257 1309 1342 sequenti

263 1360 409 1445 proximo
432 1359 541 1444 pulsus
565 1373 612 1425 est
636 1361 744 1426 exilio.
788 1362 957 1428 Provincia
982 1387 1067 1443 vero,
1083 1389 1154 1451 quae
1178 1379 1309 1431 vocatur

262 1470 491 1549 Cumberland‚
500 1473 569 1559 regi
580 1473 754 1538 Malcolino
772 1473 939 1540 Scotorum
953 1477 1013 1540 sub
1024 1477 1176 1568 fidelitate
1194 1477 1308 1543 tradita

260 1595 317 1646 est.
362 1580 583 1647 Veruntamen
603 1583 709 1648 felices
724 1607 886 1650 successus
906 1587 1105 1652 miserandus
1120 1588 1310 1654 decoloravit

258 1693 380 1772 exitus3
404 1693 562 1779 siquidem
576 1695 708 1758 veniens
722 1717 778 1759 rex
801 1695 926 1761 Cantioe
939 1697 975 1761 in
1000 1698 1077 1763 festo
1106 1697 1215 1764 Sancti
1241 1701 1308 1764 Au-

262 1801 392 1886 gustini,
409 1824 509 1887 quum
524 1801 647 1867 sederet
662 1804 696 1866 in
718 1826 836 1881 mensa,
852 1805 938 1871 videt
958 1805 1117 1890 quendam
1149 1806 1310 1871 latruncu-

258 1910 337 1989 lum,
352 1934 450 1997 quem
465 1925 538 1976 ante
553 1935 608 1977 sex
632 1936 731 1978 annos
746 1928 874 2001 propter
887 1915 1050 1980 latrocinia
1081 1916 1308 1994 eliminaverat,

259 2023 345 2088 inter
373 2023 518 2088 convivas
547 2023 721 2088 sedentem.
768 2025 875 2092 Quem
901 2047 957 2090 rex
982 2025 1067 2091 solus
1100 2027 1308 2112 comperiens,

258 2134 403 2222 prosiluit
417 2157 436 2199 a
451 2157 568 2213 mensa,
584 2147 618 2200 et
639 2135 823 2222 praedonem
847 2159 906 2225 per
931 2137 1059 2222 capillos
1083 2139 1245 2223 arripiens,
1267 2138 1309 2203 ad

259 2258 375 2309 terram
398 2244 501 2309 allisit.
554 2245 613 2310 Ille
637 2245 772 2310 latenter
804 2247 901 2311 sicam
922 2245 962 2310 de
986 2247 1102 2332 vagina
1126 2245 1246 2323 eduxit,
1276 2259 1310 2310 et

258 2377 367 2440 regem
383 2355 415 2418 in
432 2368 543 2441 pectus
560 2355 749 2440 percutiens,
764 2356 930 2436 interfecit,
946 2357 1003 2421 sed
1018 2381 1035 2422 a
1050 2357 1310 2423 concurrentibus

262 2465 448 2546 satellitibus
463 2465 543 2531 latro
558 2490 633 2531 mox
644 2479 692 2530 est
706 2467 904 2532 membratim
923 2467 1085 2532 dissectus.
1115 2467 1309 2532 Providebat

267 2575 328 2640 hoc
348 2575 482 2641 Sanctus
500 2579 686 2643 Dunstanus
705 2579 995 2664 gesticulationibus
1012 2579 1164 2644 daemonis
1181 2591 1254 2642 ante
1277 2601 1310 2642 se

261 2685 414 2750 saltantis.
448 2689 606 2754 Quocirca
620 2688 659 2751 ad
675 2689 794 2752 curiam
809 2709 990 2773 properans,
1006 2689 1040 2751 in
1064 2687 1169 2753 rnedio
1194 2689 1308 2752 itinere

259 2809 354 2880 gestae
377 2797 424 2859 rei
446 2797 597 2860 nuntium
618 2797 749 2880 accepit,
773 2818 950 2882 corpusque
975 2797 1100 2882 regium
1119 2797 1302 2881 suscipiens,

262 2903 436 2970 Glastoniae
457 2905 609 2990 sepelivit.
655 2905 762 2992 Hujus
778 2920 920 2994 tempore
937 2905 1115 2972 Willelmus
1129 2907 1213 2972 lilius
1230 2906 1309 2972 Rol-

259 3014 340 3080 lonis
360 3016 542 3082 interfectus
556 3030 613 3082 est

605 3217 658 3281 Da
682 3215 822 3280 Enniano
848 3214 955 3291 Raos.

303 3325 402 3390 Anno
416 3325 548 3390 Domini
566 3326 809 3412 nongentesimo
830 3321 1070 3412 quadragesimo
1091 3339 1180 3390 sexto
1207 3327 1307 3392 Edre-

261 3433 331 3511 dus,
355 3435 466 3500 tertius
489 3457 529 3501 ex
559 3435 631 3499 liliis
657 3433 816 3510 Edwardi‚
844 3455 980 3520 regnum
1003 3435 1161 3520 suscepit,¹
1206 3434 1307 3500 Rexit

259 3546 349 3608 annis
363 3566 479 3610 novem
498 3558 531 3609 et
552 3544 697 3609 dimidio.
751 3543 815 3608 Hic
839 3542 1104 3608 Northanimbros
1126 3551 1160 3609 et
1182 3547 1303 3623 Scotos‚

258 3653 443 3719 fidelitatem
460 3656 491 3719 ei
505 3677 572 3720 non
597 3667 765 3732 servantes,
791 3677 866 3719 cum
890 3654 1027 3739 quodam
1058 3655 1147 3742 Rege
1177 3656 1308 3723 Hericio

258 3787 353 3850 snper
367 3788 400 3829 se
415 3779 543 3844 statuto,
559 3790 640 3851 pene
667 3768 796 3846 delevit,
812 3781 975 3855 totamque
1000 3771 1195 3856 provinciam
1218 3772 1303 3836 ferro

259 3876 404 3960 fameque
424 3878 567 3942 vastavit.
611 3878 896 3965 Arcbiepiscopum
921 3879 1154 3946 Eboracensem
1171 3880 1305 3946 Wolsta-

260 3989 374 4064 num,ll
390 3975 464 4071 quia
491 3988 714 4073 compatriotas
740 3989 822 4053 tueri
847 3988 1021 4068 dicebatur,
1036 3990 1092 4055 diu
1116 3992 1149 4055 in
1172 3992 1308 4056 vinculis

288 4185 302 4208 ¹
316 4185 384 4224 “Duo
395 4183 484 4222 fuerunt
492 4182 534 4222 nto
541 4182 622 4222 raemrlo
628 4183 733 4222 wolstani
741 4183 898 4232 archiepiscopi
907 4184 1061 4226 Eboraceuses:
1076 4187 1130 4226 altar
1138 4185 1189 4225 obiit
1197 4196 1253 4226 anno
1262 4188 1307 4234 9³6,

258 4251 328 4298 juxta
352 4249 486 4290 Florentium
507 4251 530 4288 et
550 4248 669 4290 caroniam
691 4249 850 4298 Mailronsure3
879 4249 933 4290 alter
948 4250 1048 4300 adulpho
1061 4251 1163 4292 sumserit
1178 4260 1235 4292 anno
1255 4252 1311 4298 1⁰⁰2,
