3212 5206
356 544 382 586 34
666 548 728 588 iiiiii
731 547 791 590 uici
805 549 845 590 nii
858 547 1005 591 SILGRAVB
1253 549 1289 600 [A.
1297 549 1409 591 nimio

357 681 501 748 nsuexu
529 695 563 749 et
591 684 625 749 in
656 686 790 751 dimissa
819 686 1075 765 sensusne
1112 700 1145 753 et
1174 699 1221 764 ut
1251 687 1296 753 isi
1325 687 1409 774 epi.
1486 649 1494 662 “

356 817 465 880 oopus,
501 797 591 882 cujus
625 796 717 862 sedes
750 811 801 864 est
837 799 871 864 in
901 799 1033 866 ecclesis
1064 799 1165 865 sancti
1194 799 1289 866 Pauli
1319 799 1409 864 Lon·

358 905 509 973 dineneis.

532 1152 588 1218 Du
612 1153 763 1223 Rnomus
786 1159 1033 1224 Onsnnnsnruss
1057 1156 1234 1224 Ssxonuu.

403 1331 533 1421 Regum
564 1334 774 1402 Orientalium
807 1337 969 1404 Saxonum
997 1352 1071 1427 post
1095 1337 1327 1405 Erkenwinum
1348 1336 1412 1424 pri-

359 1467 431 1511 mus
445 1445 507 1512 suit

401 1555 428 1622 I.
454 1556 581 1624 Sledde.
626 1557 714 1625 Patri
729 1560 879 1627 suecessit
893 1561 927 1626 in
942 1583 1089 1650 regnum,
1104 1562 1196 1649 cujus
1210 1562 1292 1629 filius

398 1667 443 1734 II.
484 1671 662 1750 Secundus,
695 1673 857 1750 Sebertus
888 1674 944 1759 qui
973 1696 1031 1762 per
1059 1675 1190 1739 beelum
1216 1673 1412 1740 Mellitum*

359 1780 599 1849 Londinensem
632 1783 817 1871 episcopum
852 1785 956 1872 primo
988 1784 1124 1850 credidit
1159 1786 1194 1850 in
1230 1784 1410 1861 Christum,

360 1909 393 1959 et
406 1894 583 1981 baptizatus
598 1909 656 1962 est.
702 1895 767 1961 Hic
782 1908 825 1974 et,
841 1897 957 1962 eodem
971 1896 1126 1963 suadente
1141 1897 1301 1984 episcopo,
1310 1897 1413 1962 Weet-

360 2006 541 2071 monasterii
563 2007 681 2073 dicitur
699 2007 863 2074 inchoasse
884 2008 1075 2075 coenobium.
1123 2008 1255 2075 seberto
1275 2021 1411 2086 mortuo,

361 2115 444 2181 lilius
458 2118 526 2203 ejus

404 2226 467 2294 ΙΙΙ.
493 2227 663 2308 sexredus,
686 2241 720 2295 et
757 2227 816 2294 IV.
843 2227 1010 2296 &nardus
1033 2229 1197 2296 Mellitum
1219 2230 1413 2317 expulerunt

363 2340 559 2427 episcopum,
596 2361 657 2404 neo
699 2340 735 2404 in
777 2341 940 2406 Christum
976 2340 1106 2407 credere
1142 2341 1302 2408 volebant.
1343 2341 1416 2406 Neo

365 2452 469 2517 multo
506 2465 579 2539 post
614 2471 634 2516 a
670 2449 955 2518 west-Senonibus
991 2453 1086 2519 occisi
1123 2465 1207 2520 sunt.
1286 2453 1414 2530 Quibus

362 2561 539 2629 succedens

403 2674 443 2740 V.
469 2673 663 2762 sigebertus,
685 2685 899 2762 cognomento
921 2674 1052 2754 Parvus,
1073 2675 1159 2741 filius
1182 2674 1322 2742 Sewerdi
1342 2698 1413 2763 reg-

361 2809 443 2852 num
457 2785 579 2851 dimisit

405 2897 465 2963 VL
491 2897 657 2982 Sigeberto
680 2896 843 2984 Sigebaldi
863 2896 940 2964 filio.
998 2899 1063 2964 Hic
1079 2899 1272 2986 Sigebertus,
1288 2901 1415 2965 hortatu

363 3009 447 3096 regis
461 3008 570 3085 Oswii,
585 3007 769 3082 sFinano†
783 3010 930 3095 episeopo
942 3009 1120 3096 baptizatus
1131 3024 1199 3088 est;
1221 3025 1416 3097 gentemque

363 3144 462 3200 suam,
473 3143 572 3208 quum
583 3144 655 3188 cunr
669 3120 796 3188 Mellito
811 3119 954 3208 praedicti
967 3143 1058 3208 reges
1075 3120 1234 3187 sexredus
1248 3137 1281 3188 et
1296 3125 1417 3189 Seuer·

362 3343 462 3394 sgreeing
480 3342 533 3383 with
545 3342 574 3382 eil
587 3342 650 3382 other
662 3341 792 3389 Historiam,
805 3345 924 3391 represents
932 3352 956 3382 es
968 3353 982 3383 s
994 3341 1101 3382 Christian
1115 3345 1215 3392 eonveri;
1235 3343 1294 3393 King
1308 3343 1383 3384 Alired
1397 3342 1417 3382 is

363 3411 409 3452 ssld
420 3414 443 3452 to
455 3411 512 3451 lseve
525 3409 587 3450 stood
600 3410 635 3449 ior
647 3409 693 3450 lilm
706 3411 728 3448 st
741 3408 777 3448 the
791 3408 853 3456 Font,
866 3409 994 3450 -Aliredus
1006 3409 1059 3449 iecit
1071 3409 1188 3460 baptism

464 3479 529 3518 “But
543 3476 670 3517 Gurmound
683 3476 735 3516 then
749 3475 845 3516 Brituine
857 3476 907 3516 holo
919 3477 1034 3524 destroied,

464 3545 521 3586 Both
534 3544 628 3584 ehurchs
640 3543 683 3584 end
696 3545 767 3584 towne
780 3543 823 3583 sud
835 3543 876 3583 eke
888 3543 926 3583 tiss
942 3543 1040 3583 christen
1052 3543 1115 3590 isitii,

465 3611 506 3652 For
518 3611 546 3650 he
559 3621 572 3650 s
584 3621 677 3661 peynym
690 3619 741 3656 ves,
754 3610 797 3650 enti
812 3619 858 3648 sore
872 3610 953 3658 snoyed

465 3677 511 3718 Tire
524 3676 666 3727 chdstsntye,
681 3686 706 3717 es
720 3676 799 3726 (iyidss
813 3679 879 3716 wrote
892 3676 934 3716 end
948 3675 1042 3726 seyeth.”

900 3742 1039 3783 Hssnuso¹s
1053 3743 1141 3784 cissos.
1155 3754 1176 3794 p.
1191 3744 1235 3784 iot.

392 3811 405 3834 ⁵
419 3808 466 3849 The
477 3807 527 3848 ssrst
539 3807 623 3858 Blehop
635 3808 659 3848 oi
670 3807 766 3856 London,
779 3807 822 3847 end
837 3817 877 3847 one
889 3807 913 3847 oi
923 3807 961 3846 the
974 3807 1121 3848 Missionsries
1133 3810 1181 3848 sent
1193 3819 1244 3848 over
1255 3808 1284 3858 by
1298 3809 1354 3858 Pope
1366 3809 1418 3848 Gre-

365 3886 426 3926 gory.
453 3875 493 3916 ilis
512 3875 609 3925 superior
626 3875 691 3915 merit
703 3876 769 3915 sbore
781 3875 816 3914 his
829 3873 1019 3914 fellus-lebourers
1037 3875 1060 3914 in
1073 3875 1110 3915 the
1123 3876 1195 3916 laord's
1209 3875 1323 3925 Vineysrd,
1336 3876 1354 3915 is
1367 3876 1420 3915 thus

364 3942 478 3992 eulogised
490 3943 518 3992 by
537 3941 636 3982 Goseelin
649 3943 672 3983 ln
682 3942 719 3982 liis
732 3942 830 3982 Historia
842 3942 926 3989 sinon
953 3942 1072 3984 “Quetnor
1084 3944 1230 3993 evangeliste
1252 3943 1356 3988 Mellitns,
1369 3944 1419 3982 Jus-

367 4014 412 4060 tus‚
419 4011 530 4058 l’sulinus,
541 4011 685 4051 RufinIsnus:
700 4011 804 4056 Mellitos,
818 4009 887 4050 Abies
900 4009 1025 4058 mellifluus,
1034 4015 1086 4051 tuno
1094 4012 1224 4061 praelucebst
1233 4011 1343 4062 splendide
1352 4011 1420 4052 Choro

368 4077 517 4128 annonarios·
530 4079 581 4128 Cep.
596 4079 658 4120 XVI.

396 4147 407 4191 i
428 4146 508 4196 Bishop
527 4147 551 4187 oi
562 4146 706 4194 Lindisierne,
725 4146 784 4197 “qui
793 4145 816 4186 ln
829 4144 903 4186 lnsuls
920 4144 1090 4186 Lindisiurnensi
1108 4145 1226 4187 lieeiesiun
1239 4144 1360 4195 Episcopeli
1375 4145 1421 4187 sesi

369 4222 485 4264 sorianum
498 4213 575 4264 (Bedse
589 4213 661 4254 verbis
674 4215 731 4261 utor)
744 4214 771 4253 (ie
783 4214 857 4254 robore
871 4215 928 4252 secto
941 4215 1009 4252 totam
1023 4213 1144 4262 composuit
1157 4223 1216 4254 mors
1230 4212 1347 4261 scotorum,
1357 4214 1419 4252 eter-

369 4279 534 4325 ununetexit.”
545 4280 581 4325 ile
593 4279 643 4324 died
655 4281 679 4326 lu
690 4283 736 4324 oti.
763 4280 830 4322 iissr.
840 4279 918 4320 iisrsc.
932 4277 1119 4321 Drmeimensium.
