3212 5206
231 470 327 518 oracta]
670 467 842 510 cunoulcon
1267 469 1291 506 lb

234 607 395 694 Regnavit
431 604 655 672 Ercombertus
673 608 764 672 annis
792 606 907 694 viginti
929 618 962 672 et
983 619 1128 691 quatuor,
1151 606 1294 692 obiitque

231 733 264 785 et
285 719 428 805 sepultus
460 730 509 784 est
537 718 623 806 apud
645 733 751 806 patres
777 741 859 784 suos.

275 830 372 896 VIII.
406 829 565 917 Egbertus
593 830 682 896 silius
700 832 769 918 ejus
786 831 869 916 patri
899 830 1048 896 successit
1070 829 1104 894 in
1137 851 1292 916 regnum:

230 943 275 1008 nil
309 943 513 1008 memorabile
535 944 632 1030 gessit
654 943 687 1007 in
710 965 819 1029 regno,
835 943 895 1008 nisi
917 941 989 1028 quis
1010 941 1184 1006 adventum
1207 939 1295 1005 The-

232 1055 322 1119 0dori
367 1053 603 1141 archiepiscopi,
635 1067 668 1120 et
691 1053 826 1119 Adriani
857 1053 989 1129 abbatis,
1026 1053 1124 1139 ipsius
1156 1052 1295 1137 imputet

233 1165 350 1253 gloriae.
394 1165 470 1250 Ipso
492 1188 619 1251 quoque
642 1177 806 1251 regnante,
828 1164 940 1230 beatus
971 1163 1142 1228 Wilfredus
1164 1164 1199 1226 in
1221 1184 1293 1249 par-

235 1278 319 1342 tibus
344 1277 559 1342 transmarinis
582 1289 720 1342 sacratus
750 1281 928 1363 episcopus,
952 1299 1052 1360 quum
1073 1274 1182 1340 sedem
1216 1276 1291 1340 assi·

233 1401 362 1475 gnatam
386 1410 451 1454 non
464 1388 603 1464 haberet,
626 1391 662 1452 in
684 1387 817 1454 ecelesia
839 1389 1016 1454 Cantuariae
1027 1409 1085 1474 per
1107 1401 1171 1452 tres
1191 1409 1293 1452 annos

234 1512 306 1585 post
328 1499 451 1564 obitum
473 1497 675 1576 Deuadediti,
698 1498 876 1586 episcopale
898 1501 996 1585 gessit
1017 1498 1169 1564 officium.
1239 1495 1295 1584 Ip-

233 1611 298 1676 sius
330 1611 413 1698 regis
447 1609 582 1697 Egberti
614 1609 793 1697 denigravit
834 1609 978 1698 gloriam,
1012 1609 1098 1695 quod
1144 1608 1294 1674 Ethelre·

235 1720 312 1786 dum
344 1735 377 1786 et
408 1720 628 1788 Ethelbertum
650 1721 736 1787 filios
758 1723 863 1809 patrui
886 1723 946 1800 sui,
982 1722 1156 1808 cupiditate
1181 1721 1296 1787 ductus

235 1833 401 1919 regnandi,
418 1846 475 1897 aut
489 1833 650 1898 interemit
665 1845 721 1896 aut
731 1833 871 1896 interimi
887 1856 998 1918 passus
1018 1848 1077 1898 est.
1125 1831 1193 1908 Qui
1216 1855 1291 1899 vero

233 1943 364 2008 fuerunt
379 1943 412 2008 hi
427 1955 582 2030 martyres
597 1965 662 2006 non
674 1943 730 2006 abs
743 1965 777 2006 re
797 1942 969 2009 dicendum
984 1943 1053 2009 est!
1088 1943 1161 2009 Rex
1182 1942 1293 2009 Ethel-

238 2054 346 2118 bertus
376 2054 490 2139 genuit
522 2052 734 2130 Eadbaldum,
768 2053 820 2137 qui
849 2053 961 2140 genuit
994 2053 1231 2120 Ermenredum
1261 2068 1295 2119 et

238 2163 486 2230 Ercombertnm
509 2179 542 2228 et
569 2163 667 2228 filiam
699 2164 950 2241 Eanswitham,†
966 2188 1037 2250 quae
1054 2167 1140 2251 jacet
1167 2167 1201 2230 in
1225 2165 1297 2233 Fol-

241 2276 382 2341 kestene.
429 2274 644 2341 Ermenredus
666 2288 775 2340 autem
796 2277 909 2362 genuit
931 2276 971 2340 de
996 2276 1125 2341 Oslavia
1150 2276 1231 2342 duos
1253 2277 1297 2342 li·

236 2386 297 2453 lios
323 2401 356 2452 et
371 2401 506 2472 quatuor
535 2386 651 2469 filias,‡
679 2385 829 2451 Sanctam
850 2386 998 2452 videlicet
1036 2387 1296 2476 Ermenbergam,

235 2521 307 2583 quae
330 2511 363 2564 et
381 2499 578 2585 Dompnena
600 2498 775 2575 dicebatur,
791 2511 824 2563 et
840 2498 1101 2586 Ermengitham3
1125 2502 1296 2586 praedictos

234 2633 309 2677 vero
321 2625 484 2699 martyres,
498 2610 706 2676 Ethelredum
716 2628 750 2674 et
762 2609 998 2688 Ethelbertum‚
1016 2634 1094 2696 quos
1109 2613 1297 2698 praepositus

237 2723 320 2809 regis
336 2722 469 2808 Egberti
478 2720 623 2796 clanculo
632 2720 828 2797 deosculans,
841 2722 924 2786 sicut
935 2721 957 2784 J
960 2722 1037 2786 udas
1048 2723 1206 2788 Christum
1220 2747 1291 2808 pro-

238 2830 330 2908 didit,
336 2831 381 2896 sic
398 2843 431 2895 et
442 2830 688 2894 istossuffocavit
697 2843 729 2894 et
739 2829 864 2907 occidit,
874 2844 907 2894 et
915 2830 1001 2917 apud
1010 2831 1116 2897 villam
1127 2856 1198 2918 quae
1207 2834 1299 2901 East·

236 2943 303 3029 ried
315 2955 454 3020 vocatur,
466 2942 525 3006 sub
536 2942 608 3007 aula
617 2942 704 3028 regia
714 2940 844 3028 indigne
853 2942 1006 3028 sepelivit.
1067 2943 1139 3009 Hac
1148 2944 1190 3010 de
1200 2969 1295 3010 causa

237 3077 295 3121 rex
319 3053 486 3141 Egbertus,
509 3054 593 3140 regis
615 3053 815 3118 Ercomberti
829 3052 923 3132 filius,
939 3054 979 3119 de
996 3056 1128 3121 consilio
1151 3056 1297 3122 Theodo-

238 3166 275 3245 ri,
306 3164 545 3231 Cantuariensis
568 3164 803 3249 archiepiscopi,
826 3165 1052 3250 Dompnenam
1073 3167 1298 3251 praedictorum

239 3292 418 3366 martyrum
440 3298 589 3353 sororem,
612 3290 684 3362 post
718 3275 843 3340 obitum
864 3277 1054 3342 Merowaldi
1075 3278 1160 3364 regis
1191 3279 1299 3344 mariti

241 3385 301 3466 sui,
316 3389 350 3452 in
368 3388 520 3454 Cantiam
540 3387 709 3466 revocavit,
725 3387 818 3469 eique
837 3385 927 3451 dedit
942 3387 1062 3471 amplas
1082 3389 1295 3474 possessiones

239 3504 275 3567 in
298 3502 439 3569 Tanatos
460 3501 585 3578 insula,¹
600 3513 638 3565 ut
662 3499 712 3565 vel
739 3498 784 3564 sic
807 3513 923 3565 maestae
937 3522 1098 3587 germanae
1124 3515 1299 3590 martyrum

241 3621 402 3685 tristitiam
434 3617 604 3685 relevando
640 3617 798 3684 deliniret.
846 3616 927 3692 Quae
963 3619 1141 3684 construxit
1177 3619 1298 3685 ibidem

241 3732 470 3798 monasterium
481 3730 781 3806 sanctimonialium,
805 3730 890 3815 quod
905 3732 1043 3796 Menstre
1056 3731 1160 3796 fuerat
1174 3733 1298 3797 nomin-

265 4020 277 4064 t
289 4028 314 4058 or
322 4017 425 4057 witham.
432 4016 495 4056 Vina
505 4026 588 4056 acras.

268 4097 359 4144 taran
374 4095 463 4135 totidem
471 4093 534 4135 nllus
634 4153 637 4158 1

271 4173 281 4221 ς
290 4171 342 4210 Eut
350 4171 404 4218 Rye.
