3212 5206
306 479 333 520 dt
640 479 766 520 natarum
780 479 820 520 DE
832 477 979 521 attonsis
1188 477 1259 529 [A.D.
1268 477 1360 526 946-934,

307 613 429 692 tenuit3
452 612 508 678 sed
522 623 632 698 postea
646 617 687 679 ob
703 615 876 683 Clericatns
895 615 1102 681 reverentiam
1127 614 1281 679 avinculis
1303 631 1354 679 re·

307 722 431 789 laxavit.
477 725 551 809 lpse
564 725 684 790 interea
694 729 809 792 sanctis
820 726 969 791 omnibus
980 724 1117 801 acclinis,
1127 726 1198 789 Deo
1210 736 1243 789 et
1255 727 1352 790 Sanc·

306 847 340 898 to
356 835 523 899 Dunstano
537 835 632 900 vitam
648 859 737 900 suam
754 835 889 902 devovit.
937 835 1039 922 Cujus
1053 835 1183 898 monitis
1204 835 1355 899 tortiones

305 945 444 1029 corporis
473 945 596 1010 crebras
624 947 782 1033 patienter
813 947 971 1012 sustinuit.
1030 943 1176 1009 Tandem
1214 943 1358 1010 discessit

305 1077 422 1141 magno
436 1055 525 1121 luctu
534 1055 701 1122 hominum
716 1069 937 1144 prosequutus,
949 1055 1005 1121 sed
1016 1055 1133 1141 gaudio
1151 1053 1354 1142 angelorum:

304 1167 461 1250 siqnidem
479 1167 675 1246 Dunstanus,
697 1169 877 1256 agrotantis
900 1167 1019 1231 nuncio
1039 1163 1158 1244 audito,
1174 1163 1253 1229 ‹lnm
1276 1163 1352 1229 illuc

305 1277 477 1353 festinaret,
488 1298 598 1342 vocem
621 1277 757 1364 desuper
773 1277 910 1342 audivit:
935 1275 1030 1340 Modo
1055 1290 1111 1340 reo
1135 1273 1279 1338 Edrcdas
1306 1276 1354 1338 ob·

308 1387 452 1451 dormivit
464 1389 496 1451 in
512 1389 669 1456 Domino!
691 1388 875 1471 Requiescit
889 1385 1091 1460 Wintoniae.†

685 1607 738 1672 Dr.
755 1605 872 1672 Enwro
887 1625 984 1673 anon.

348 1714 446 1782 Anno
460 1716 595 1781 Domini
610 1719 851 1804 nongentesimo
867 1717 1129 1802 quinquagesimo
1141 1715 1263 1801 quinto,
1288 1713 1353 1782 Ed·

305 1827 390 1905 wius,
406 1827 487 1893 filius
503 1826 667 1892 Edmundi
683 1826 784 1891 fratris
799 1825 988 1905 Ethelstani‚
1000 1849 1135 1914 regnum
1151 1828 1298 1912 suscepit,
1318 1841 1352 1893 et

304 1949 440 2019 quatuor
453 1938 544 2001 annis
563 1939 679 2002 tenuit.
739 1935 812 2013 Hic,
829 1937 881 2001 die
901 1938 1113 2001 coronationis
1132 1957 1207 2013 srrae,
1223 1935 1351 2002 cuidam

304 2044 416 2109 Nobili
441 2045 570 2109 abstulit
591 2067 721 2110 uxorem
742 2047 1024 2132 consanguinitatis
1049 2046 1134 2111 linea
1162 2046 1222 2111 sibl
1246 2047 1353 2134 proxi-

303 2175 400 2233 mam,
426 2177 465 2218 eo
489 2153 574 2239 quod
599 2155 633 2218 in
658 2154 758 2242 ipsius
780 2152 1019 2248 pulchritudine
1049 2154 1257 2240 deciperetur.
1303 2155 1348 2220 Et

302 2264 382 2328 dum
395 2264 490 2328 rebus
504 2285 601 2350 regno
616 2263 797 2329 necessariis
812 2265 895 2328 inter
909 2285 1055 2350 proceres
1073 2277 1228 2351 ageretur,
1242 2267 1348 2330 subito

302 2395 320 2437 e
336 2372 441 2437 medio
454 2375 618 2457 prosiliens
632 2392 687 2438 rex
703 2374 736 2436 in
746 2371 928 2450 triclinium,
945 2375 978 2437 in
994 2374 1194 2460 complexum
1208 2375 1348 2439 mulieris

302 2497 351 2550 est
365 2485 542 2550 devolutus.
589 2485 681 2550 Solus
700 2487 896 2562 Dnnstanus,
913 2508 977 2550 non
998 2487 1115 2550 veritus
1132 2485 1349 2552 lascivientem

296 2597 459 2682 juvenem,
475 2617 517 2661 ex
532 2581 679 2661 cubiculo
694 2595 854 2672 abstraxit,
864 2607 897 2660 et
913 2618 968 2681 per
981 2595 1161 2680 Odonem‡
1177 2599 1344 2685 archiepis·

301 2729 419 2792 copum
442 2705 592 2772 candenti
620 2706 702 2770 ferro
731 2705 898 2770 mulierem
921 2705 1080 2794 deturpari
1105 2709 1228 2795 coegit3
1257 2707 1345 2772 unde

300 2828 472 2903 perpetuus
486 2818 587 2882 iactus
602 2831 649 2882 est
663 2817 693 2880 ei
708 2817 865 2893 inimicus,
876 2839 1011 2902 eamque
1026 2818 1060 2881 in
1073 2817 1254 2882 Flandriam
1268 2839 1346 2882 exu-

302 2925 366 2990 lare
389 2927 551 3013 compulit.
598 2925 671 2990 Rex
696 2927 803 3008 itaque
827 2926 1031 3002 miserrimus,
1059 2927 1245 2993 satellitibus
1270 2929 1345 2993 sub·

297 3035 400 3112 nixus,
417 3036 451 3098 in
471 3048 537 3100 tota
559 3035 677 3120 Anglia
694 3034 860 3099 monastici
880 3035 1000 3099 ordinis
1011 3037 1165 3116 homines,
1182 3039 1285 3125 primo
1299 3041 1344 3104 ia-

300 3145 471 3210 cultatibus
484 3144 629 3220 nudatos,
640 3143 733 3208 exilio
748 3143 923 3228 deportavit
936 3158 969 3209 et
983 3145 1213 3212 calamitatibus
1228 3149 1343 3212 affecit.

300 3255 419 3320 Poenas
434 3255 493 3320 luit
502 3256 536 3319 in
551 3252 846 3331 hacvita„maxima
856 3266 944 3340 parte
956 3257 1046 3342 regni
1062 3256 1235 3322 mutilatus.
1275 3256 1351 3332 Qua

293 3543 799 3597 Juxtsutorenttamawestmonastsrrensst’
825 3541 968 3584 Wnssrou’s
976 3542 1035 3582 Aua.
1045 3543 1095 3582 ssa.
1103 3553 1124 3582 v.
1135 3545 1153 3582 l.
1162 3553 1183 3592 p.
1194 3545 1238 3584 188.
1265 3545 1296 3585 ot
1307 3546 1346 3586 tiss

293 3614 372 3653 tormer
379 3613 403 3652 oi
408 3613 469 3651 these
477 3611 582 3652 Primates
590 3621 623 3650 ve
630 3621 666 3650 tre
677 3611 782 3650 insonned
788 3611 817 3659 by
825 3608 951 3656 Godwln,p.
963 3610 1007 3654 659,
1014 3608 1061 3647 that
1068 3607 1096 3646 hs
1105 3617 1149 3646 was
1162 3610 1256 3649 attaitor
1274 3613 1296 3650 to
1310 3611 1347 3652 iris

295 3679 349 3726 king
362 3678 405 3716 aad
413 3679 510 3725 connuy,
517 3675 572 3714 false
580 3678 602 3714 to
608 3675 642 3714 iris
652 3673 710 3722 osth,
718 3674 761 3713 and
768 3685 794 3713 aa
804 3675 885 3714 abettor
893 3675 917 3712 or
925 3673 962 3712 tna
968 3673 1062 3712 cnemis·
1070 3671 1095 3711 oi
1105 3673 1143 3712 the
1152 3673 1258 3714 οἱιτίιτίιιι
1275 3685 1347 3724 name,

295 3747 349 3784 ‘nec
356 3741 631 3788 sacramentiregidemors
638 3739 736 3788 prestiti,
743 3740 862 3788 neopatriae
869 3748 993 3786 memorem,
1002 3739 1038 3778 vel
1043 3737 1151 3786 religionis
1159 3748 1225 3788 quam
1240 3743 1349 3790 prodiere·

294 3811 342 3856 tcr3
362 3809 426 3848 rebus
441 3805 549 3846 studuisse
562 3805 680 3852 Dacorum,
689 3803 804 3844 christiani
815 3803 909 3843 nominis
921 3803 1015 3843 hostium
1029 3803 1232 3854 crudelissimorum,
1252 3807 1291 3856 qui
1304 3808 1349 3848 An-

295 3876 361 3926 ultam
367 3875 402 3914 his
410 3872 541 3924 temporibus
549 3871 653 3912 diuturno
661 3869 835 3918 atrocissimoque
842 3870 898 3910 bello
906 3868 1051 3919 uouebant?

323 3942 335 3985 t
350 3942 377 3980 In
390 3939 470 3979 theold
479 3938 599 3977 Minsterat
608 3936 748 3975 wrncnester.
788 3936 819 3975 οἰ
824 3935 868 3974 this
880 3935 1030 3984 priest-ridden
1038 3936 1139 3976 monarch
1154 3937 1187 3976 Sir
1201 3936 1263 3978 Rich.
1274 3939 1345 3978 Baker

296 4015 353 4057 says,
362 3997 428 4046 ‘itaet
435 4005 463 4044 he
471 4002 779 4044 committsdsilhlstrsssmes
786 4001 1122 4051 sndiewslsaimtothssostody
1129 4002 1155 4043 ol
1166 4003 1273 4044 naastan.
1299 4004 1346 4046 rue

296 4072 373 4122 stateiy
381 4072 449 4120 abbey
456 4069 480 4109 ot
489 4069 548 4109 Mlch
555 4072 578 4108 st
592 4068 706 4122 Abingdon
714 4077 765 4108 near
773 4066 862 4116 osferd,
870 4066 926 4108 built
933 4067 961 4116 by
970 4067 1028 4118 King
1037 4067 1084 4116 Ins,
1092 4070 1131 4108 but
1146 4068 1258 4118 destroyed
1264 4071 1293 4120 by
1302 4070 1340 4109 ths

298 4139 431 4186 Dameam
439 4133 645 4184 reedifledbyhlm.
1216 4125 1219 4129 ’

323 4205 334 4254 t
348 4203 401 4252 Odo,
409 4199 562 4249 wintoniensis
569 4199 689 4252 episcopus,
698 4197 801 4240 successit
813 4195 931 4248 willeimo;
944 4199 982 4250 qut
989 4199 1067 4250 ruitde
1075 4199 1140 4251 stirps
1147 4197 1252 4241 omittes
1273 4198 1344 4249 gantis
