3252 5170
360 488 386 526 ⁹⁰
669 486 796 532 HENBICI
809 491 848 531 ΒΕ
861 491 1008 534 srtonnvn
1209 494 1280 544 [A.D.
1292 496 1407 547 tlte-11⁵4.

362 622 501 691 Bolonia
517 624 676 712 perduxit,
700 628 845 716 geminos
865 630 977 696 fratres
998 629 1200 697 Godfredum
1220 646 1253 697 et
1271 631 1408 697 Baldwi·

360 759 440 801 num
463 741 586 825 genuit,
611 742 666 825 qui
688 736 806 828 singuli
828 758 899 830 post
916 767 1006 831 reges
1023 744 1152 809 fuerunt
1178 744 1404 832 Jerosolymae3

360 861 393 913 et
407 850 502 914 etiam
519 853 649 917 tertium
664 853 720 938 qui
734 855 794 919 fuit
808 869 898 942 pater
912 856 1057 921 Matildis
1071 856 1243 942 praedictae.

407 959 481 1026 Rex
503 961 602 1049 igitur
624 963 812 1051 Stephanus,
834 981 1000 1052 postquam
1026 982 1227 1033 consecratus
1250 977 1308 1047 est,
1330 989 1407 1032 con·
1483 1007 1489 1014 -

358 1075 502 1159 gregavit
523 1076 690 1144 concilium
714 1092 779 1144 tam
802 1081 1019 1166 episcoporum
1038 1082 1182 1146 omnium
1202 1102 1298 1166 quam
1318 1103 1404 1166 mag-

359 1200 470 1250 natum
494 1188 580 1275 apud
602 1192 922 1257 Westmonasterium
952 1195 986 1256 in
1015 1193 1188 1257 festivitate
1219 1191 1358 1269 Paschae,
1372 1205 1405 1255 et

359 1300 445 1385 cepit
466 1301 651 1390 homagium
674 1319 707 1369 et
728 1303 906 1384 fidelitates
929 1319 962 1370 et
986 1306 1111 1393 [coepit]
1137 1307 1299 1370 thesauros
1322 1305 1406 1392 regis
1490 1299 1495 1306 ’

364 1411 536 1499 [defuncti]
575 1418 756 1504 expendere
786 1417 922 1505 copiose.
969 1417 1068 1483 Porro
1097 1419 1269 1495 Galfridus,
1299 1441 1406 1483 comes

358 1521 565 1611 Andegaviae,
576 1529 631 1612 qui
646 1529 880 1616 imperatricem
895 1527 1066 1594 Matildem
1086 1529 1228 1605 duxerat,
1247 1529 1406 1614 ingressus

357 1632 603 1718 Normanniam,
618 1640 708 1706 dedit
725 1640 886 1729 Stephano
900 1645 969 1732 regi
988 1656 1115 1730 treugas
1135 1665 1192 1729 per
1213 1656 1275 1706 tres
1296 1664 1405 1718 annos,

357 1748 484 1832 capiens
498 1751 538 1817 ab
553 1775 592 1817 eo
607 1754 740 1842 singulis
754 1756 845 1820 annis
860 1757 920 1821 tria
934 1755 1033 1820 millia
1049 1777 1236 1820 marcarum.
1290 1755 1405 1819 Postea

357 1873 475 1942 autem,
492 1865 565 1949 quia
580 1867 718 1955 episcopi
736 1866 924 1934 Saresberiae
938 1888 971 1934 et
991 1868 1170 1934 Lincolniae
1185 1867 1358 1931 noluerunt
1373 1867 1403 1931 ei

243 2004 246 2012 ·
356 1973 490 2040 reddere
505 1991 606 2041 castra
618 2001 685 2056 sua,
700 1970 784 2066 cepit
793 2004 856 2058 eoa,
867 1995 900 2045 et
913 1980 1115 2045 Lincolniam
1127 1980 1257 2044 obsedit.
1307 1975 1405 2052 Quod

358 2087 555 2170 comperiens
566 2111 672 2155 comes
689 2091 878 2169 Gloverniae,
895 2092 1053 2156 Robertus
1072 2091 1169 2155 frater
1187 2088 1404 2174 imperatricis,

357 2197 487 2286 collegit
507 2203 694 2281 exercitum,
715 2217 748 2269 et
770 2226 843 2269 eum
862 2226 938 2290 rege
961 2203 1107 2288 praelium
1127 2202 1293 2268 commisit.
1342 2199 1407 2265 Sed

356 2312 487 2377 tandem
502 2315 617 2379 comite
634 2316 859 2402 triumphante,
876 2330 987 2403 captus
998 2338 1053 2380 rex
1063 2328 1096 2380 et
1112 2315 1152 2379 ad
1171 2313 1405 2400 imperatricem

356 2422 481 2500 ductae,
498 2424 584 2511 apud
599 2424 752 2490 Bristowe
777 2427 965 2491 incarcerari
980 2427 1085 2512 jussus
1101 2438 1158 2500 est,
1173 2447 1246 2488 cum
1272 2423 1402 2508 quibus-

355 2533 431 2600 dam
446 2535 605 2601 nobilibus
618 2537 709 2624 regui
721 2537 780 2602 sui.
827 2536 924 2614 Quod
940 2537 1136 2625 comperiens
1157 2534 1303 2612 Matilda,
1325 2554 1404 2597 uxor

355 2646 453 2732 ipsius
468 2648 560 2736 regis,
576 2648 693 2714 auxilio
704 2649 857 2714 Willelmi
872 2647 1024 2736 Yprensis
1035 2662 1069 2714 et
1082 2648 1201 2713 civium
1216 2645 1404 2710 Londinen-

355 2758 448 2837 sium,
458 2757 696 2846 Imperatricem
707 2783 726 2824 a
737 2759 887 2826 Londino
903 2761 1101 2848 expulerunt.
1150 2758 1214 2824 Sed
1228 2758 1323 2823 etiarn
1337 2779 1403 2821 non

355 2869 457 2935 multo
472 2889 543 2957 post
557 2885 666 2956 captus
680 2885 729 2936 est
746 2873 905 2937 Robertus
915 2895 1021 2937 comes
1038 2873 1228 2948 Gloverniae,
1245 2885 1277 2936 et
1292 2893 1401 2957 proco

355 2978 500 3044 redditus
515 2980 643 3066 estjrex.
691 2979 754 3044 Sed
770 2985 862 3046 etiam
879 2982 944 3066 ipse
961 2981 1113 3046 liberatus
1128 2981 1252 3044 obsedit
1267 2981 1404 3066 impera-

350 3092 469 3156 tricem
489 3090 524 3156 in
544 3091 677 3172 Exonia,
702 3107 735 3158 et
759 3091 947 3157 Galfredum
972 3092 1012 3157 de
1038 3089 1234 3156 Mandeville
1261 3084 1346 3174 cepit
1370 3103 1404 3154 et

356 3204 570 3284 incarceravit,
583 3226 683 3291 usque
699 3203 776 3270 dum
791 3204 822 3268 ei
837 3204 984 3270 redderet
999 3204 1111 3269 turrim
1121 3201 1308 3268 Londoniae.
1381 3181 1386 3190 Ι

399 3319 498 3384 Porro
520 3319 558 3384 iis
580 3317 692 3384 diebus
716 3318 885 3384 Galfredus
907 3340 1013 3383 comes
1038 3315 1235 3402 Andegaviae
1259 3328 1404 3400 receptus

355 3445 405 3496 est
417 3431 596 3520 Rotomagi,
612 3447 645 3497 et
654 3431 777 3497 obsedit
789 3431 909 3508 turrim,
925 3443 958 3496 et
967 3430 1060 3517 cepit,
1070 3442 1104 3494 et
1118 3442 1236 3492 extunc
1246 3427 1312 3491 dux
1321 3426 1355 3491 N
1356 3449 1404 3490 or-

355 3544 495 3608 manniae
518 3542 692 3631 appellatus
721 3557 778 3608 est.
823 3542 901 3607 Post
930 3543 1000 3619 hoc,
1031 3541 1114 3606 eirca
1139 3561 1238 3604 annos
1268 3551 1405 3625 quatuor

360 3653 519 3723 Henricus
533 3654 616 3720 filius
626 3677 701 3719 suus
712 3677 753 3719 ex
765 3653 970 3739 Imperatrice
985 3651 1077 3717 duxit
1100 3650 1313 3734 Elianoram,n
1333 3671 1405 3735 quae

355 3767 458 3832 fuerat
472 3765 582 3852 regina
596 3765 745 3846 Franciae,
758 3779 900 3850 separata
914 3787 934 3828 a
945 3787 1019 3851 rege
1035 3778 1166 3851 propter
1181 3762 1406 3850 consanguini-

357 3891 465 3955 tatem,
481 3878 535 3963 qui
551 3892 659 3962 postea
673 3876 736 3942 cito
751 3877 838 3942 venit
862 3877 896 3940 in
915 3876 1077 3962 Angliam.
1123 3874 1187 3940 Sed
1203 3889 1236 3939 et
1252 3873 1404 3938 Malmes-

356 3989 475 4055 beriam
499 4005 532 4054 et
548 3987 706 4054 Stamford
721 3987 854 4053 obsedit.
889 3987 988 4052 Anno
1003 3987 1100 4074 igitur
1115 3986 1259 4073 sequenti
1275 4006 1405 4049 concor-

384 4247 392 4292 fl
407 4243 488 4293 Henry,
497 4243 520 4283 in
533 4243 570 4282 the
585 4242 643 4291 right
658 4241 854 4288 urrinnando
871 4241 908 4280 the
923 4241 999 4290 Duchy
1014 4240 1038 4279 or
1053 4240 1156 4288 Guyenne
1163 4238 1206 4278 and
1213 4238 1250 4276 the
1266 4237 1365 4276 Earldom
1382 4236 1407 4275 of

356 4315 451 4362 Peictou,
460 4325 484 4354 so
491 4313 545 4360 thet,
554 4311 608 4351 atter
619 4311 653 4350 hta
661 4320 773 4350 aecensron
782 4309 847 4350 attha
856 4310 931 4350 throne
940 4310 964 4350 of
970 4307 1077 4358 Englaud,
1090 4307 1117 4346 he
1126 4306 1211 4356 swayed
1219 4316 1277 4344 more
1291 4305 1405 4344 extensive

355 4383 475 4424 dominium
488 4382 540 4422 than
547 4390 590 4431 any
598 4379 670 4429 prinae
679 4378 806 4429 osthatage.
