3212 5206
241 537 266 578 Α.
279 537 306 578 D.
317 538 382 587 lna]
701 537 881 578 CHRONICON.
1271 534 1301 574 65

235 675 436 758 propitiante,
453 672 492 738 ad
514 673 767 760 purificationem
785 676 911 739 Sanctae
927 671 1040 738 Mariae
1055 673 1152 737 vitam
1174 673 1288 750 finivit,

235 783 415 850 vindicante
451 796 488 849 ut
523 783 639 848 dicitur
664 784 758 876 beato
789 782 963 848 Edmundo
990 805 1065 870 rege
1090 796 1123 847 et
1152 795 1290 870 martyre

238 893 348 977 patriae
373 915 437 958 auae
461 892 753 978 depopulationem.
799 893 874 960 Quo
898 893 1060 971 defuncto,
1087 895 1173 958 Dani
1199 891 1291 958 Cnu-

240 1016 349 1084 tonem
378 1001 556 1088 elegerunt.
616 1003 716 1089 Angli
741 1025 813 1068 vero
839 1017 1006 1068 evocatum
1039 1026 1058 1068 a
1088 1002 1291 1069 Normannia

242 1111 453 1176 Ethelrcdum
467 1133 574 1198 regem
589 1125 743 1178 statuunt.
791 1112 863 1178 Neo
882 1114 984 1178 multo
1005 1125 1076 1197 post
1098 1112 1289 1178 Ethelredus

240 1222 326 1288 diem
342 1223 455 1288 clausit
469 1236 660 1300 extremum,
677 1223 798 1288 scilicet
822 1224 874 1289 die
892 1224 1000 1289 Sancti
1025 1224 1171 1310 Gregorii
1188 1246 1292 1309 papae,

238 1347 272 1398 et
290 1333 433 1420 sepultus
446 1346 495 1399 est
513 1333 692 1398 Londoniis
706 1335 740 1398 in
756 1333 889 1400 ecclesia
917 1335 1027 1401 Sancti
1063 1335 1165 1416 Pauli,
1186 1357 1287 1420 quum

240 1457 401 1532 regnasset
415 1443 568 1510 laboriose
585 1443 715 1531 triginta
728 1458 761 1512 et
776 1457 898 1529 septem
913 1445 1015 1511 annis.

550 1643 604 1708 Da
619 1661 783 1708 sonunno
799 1661 976 1708 insusurra.

282 1780 382 1842 Anno
405 1798 482 1864 ergo
511 1777 645 1842 Domini
667 1776 837 1842 millesimo
860 1790 949 1842 sexto
975 1776 1111 1854 decimo,
1137 1778 1287 1842 successit

238 1887 432 1955 Edmundus
446 1887 530 1952 filius
558 1887 733 1964 Ethelrcdi,
758 1887 814 1972 qui
835 1887 940 1952 dictus
959 1900 1007 1951 est
1026 1889 1174 1952 Ferreum
1198 1889 1286 1952 latas.

239 1999 315 2079 Hic,
331 2008 524 2085 congregato
538 1997 692 2077 exercitu,
702 1998 812 2063 Dauos
827 1996 957 2084 fugavit.
1001 1996 1124 2063 Diebus
1136 1995 1288 2085 Rogatio-

235 2132 326 2187 num,
341 2109 462 2174 eisdem
477 2129 672 2196 congressus,
683 2108 797 2195 Anglis
808 2108 911 2194 primo
925 2108 1131 2196 fugientibus,
1159 2124 1288 2175 auctore

238 2219 357 2286 Edrico
372 2220 499 2297 comite,
514 2219 620 2306 quiin
635 2233 724 2306 parte
739 2217 991 2284 adversariorum
1000 2234 1086 2285 stans
1098 2233 1129 2284 et
1144 2220 1288 2306 gladium

235 2333 272 2397 in
300 2337 545 2408 manutenens,
569 2352 667 2415 quem
691 2343 911 2398 cruentaverat
935 2330 971 2394 in
1005 2352 1125 2418 pugna,
1148 2329 1289 2415 quodam

234 2443 355 2508 rustico
369 2441 490 2519 occis03
515 2449 536 2481 “
552 2441 687 2528 Fugite
700 2441 847 2526 inquit,“
862 2440 973 2528 fugite,
988 2441 1115 2506 miseri:
1141 2462 1214 2507 ecce
1229 2463 1288 2508 rex

233 2564 337 2620 vester
375 2552 437 2618 hoc
466 2573 542 2618 ense
573 2553 694 2617 occisus
723 2551 801 2616 est.”
860 2551 1093 2638 Fugissentque
1133 2553 1288 2620 continuo

235 2663 347 2752 Angli,
385 2664 448 2728 nisi
477 2684 535 2726 rex
564 2662 690 2749 cognita
723 2681 760 2725 re
786 2661 821 2724 in
850 2661 994 2726 medium
1023 2662 1219 2749 procederet,
1255 2679 1289 2730 et

235 2773 340 2839 ablata
353 2772 453 2859 galea,
466 2770 736 2836 commilitonibus
755 2771 935 2836 ostenderet
949 2783 1045 2855 caput
1060 2793 1165 2839 suum.
1189 2771 1285 2838 Tunc

234 2882 357 2947 hastam
370 2881 404 2946 in
419 2881 574 2948 Edrioum
588 2879 888 2965 retorquens-sed
913 2880 1057 2958 EdricuS,
1081 2904 1121 2947 eo
1146 2883 1283 2969 proviso,

234 2993 269 3057 in
284 3003 406 3079 partem
423 2990 553 3056 alteram
567 2990 782 3069 divertens-
796 3013 852 3056 rex
877 2991 1012 3056 militem
1032 3014 1129 3078 prope
1150 3006 1286 3060 stantem

236 3107 361 3194 petivit,
375 3105 456 3170 adeo
472 3116 507 3169 ut
522 3103 620 3168 alium
636 3103 846 3190 transfigeret.
885 3103 961 3190 Quo
975 3103 1070 3185 facto,
1086 3103 1289 3171 West·Saxo-

236 3239 294 3282 nes
308 3215 475 3282 dominum
490 3237 585 3279 suum
600 3228 827 3301 cognoverunt.
1186 3230 1189 3236 ·

278 3327 437 3406 Tandem,
447 3339 519 3412 post
527 3324 645 3389 multos
656 3325 831 3401 conflictus,
841 3325 932 3410 petiit
945 3324 1135 3390 Edmundus
1144 3348 1286 3411 pugnam

235 3460 310 3505 cum
326 3439 474 3505 Cnutone
504 3434 707 3520 singularem.
754 3434 851 3501 Quod
880 3434 933 3498 ille
959 3435 1075 3511 renuit,
1102 3457 1168 3499 non
1192 3458 1287 3500 ausus

235 3572 308 3617 cum
334 3561 425 3615 tanto
450 3559 483 3613 et
509 3559 574 3610 tam
589 3543 694 3609 valido
718 3543 818 3608 milite
834 3543 919 3608 solus
935 3565 1087 3630 pugnare.
1125 3544 1217 3610 'l'unc
1243 3568 1285 3610 ex

233 3681 392 3727 consensu
414 3659 553 3744 partium
581 3678 716 3742 regnum
756 3656 941 3734 diviserunt,
973 3654 1147 3722 Edmundo
1183 3656 1286 3723 West·

237 3771 420 3848 Saxoniam,
438 3769 582 3835 Cnutoni
601 3767 768 3832 Merciam.
814 3765 886 3833 Nec
908 3767 1011 3832 multo
1037 3782 1118 3853 post,
1141 3769 1175 3832 in
1202 3770 1286 3835 festo

237 3881 348 3948 Sancti
364 3880 502 3946 Andreae
516 3880 677 3944 extinctus
690 3877 892 3955 Edmundus
909 3877 1081 3943 Glastoniae
1092 3879 1178 3964 apud
1189 3903 1285 3946 avum

234 4013 329 4057 suum
359 3989 522 4076 Edgarum
547 3988 689 4073 sepultus
720 4000 776 4052 est.
833 3987 929 4052 Fama
955 3985 1110 4052 Edrioum
1133 3990 1283 4053 comitem

233 4102 345 4179 inficit,
363 4099 449 4186 quod
463 4100 569 4165 favore
585 4098 712 4164 alterius
727 4099 819 4186 regis,
836 4097 1002 4162 Edmundi
1025 4098 1235 4164 cubicularios
1251 4113 1285 4162 et

235 4213 397 4278 ministros
412 4210 550 4298 praemiis
565 4209 686 4275 illectos
713 4209 811 4296 ipsius
827 4208 995 4273 Edmundi
1010 4221 1146 4272 mortem
1169 4230 1283 4294 procu-

236 4337 367 4389 raverat.
401 4323 511 4389 Frater
522 4343 652 4408 quoque
666 4322 734 4406 ejus
749 4342 790 4384 ex
805 4332 905 4384 matre
917 4319 1041 4406 cogitur
1051 4318 1187 4385 exulare.
1214 4319 1289 4384 Filii.
