3252 5170
362 447 425 511 152
598 503 600 508 .
808 459 981 508 exonam

353 613 508 681 mirabile.
557 615 687 680 Factum
706 615 804 702 igitur
812 617 872 681 fuit
886 615 927 681 ad
942 613 1245 680 demonstrationem
1262 614 1415 678 motionis

365 725 584 813 Hierosolymi
641 747 668 792 ae
680 747 753 792 oum
771 727 917 793 crucibus
928 727 1105 811 assumptis,
1118 723 1280 808 quaefacta
1288 738 1336 788 est
1344 737 1419 811 post

358 833 503 900 occet
525 834 579 899 XI
599 857 698 900 annos
715 848 857 922 ternpore
876 836 1013 922 junioris
1027 835 1192 900 Willelmi.
1238 836 1295 898 An
1310 835 1418 920 potius

355 944 473 1009 facturn
490 951 540 1010 est
554 945 595 1010 ad
612 946 843 1011 correctionem
858 918 1013 1030 gehtium,
1029 967 1071 1008 ne
1086 943 1214 1030 plagam
1237 927 1411 1020 Dacorum,

360 1075 433 1139 quae
455 1055 599 1137 proxime
615 1068 750 1137 sequuta
765 1065 822 1130 est,
838 1053 969 1120 correcti
985 1053 1172 1139 proferrent.
1216 1053 1288 1116 Nos
1302 1065 1412 1116 eutem

354 1175 476 1228 temere
500 1163 581 1227 nihil
603 1163 784 1240 delinimur,
809 1163 864 1228 sed
888 1164 952 1228 Dei
968 1174 1089 1228 secreta
1103 1163 1174 1227 Deo
1189 1161 1408 1246 relinquimus.

400 1272 548 1337 Briotrici
570 1274 653 1358 regis
673 1294 759 1338 anno
777 1272 903 1338 decimo
923 1273 981 1337 visi
1001 1286 1076 1337 sunt
1098 1273 1238 1337 flammei
1256 1271 1411 1336 dracones

355 1382 499 1449 volantes
513 1405 570 1468 per
584 1405 666 1461 aera,
684 1383 769 1467 quod
793 1384 920 1468 signum
940 1383 1014 1449 duee
1032 1395 1137 1467 pestes
1160 1393 1301 1465 sequutae
1318 1394 1411 1445 sunta

354 1494 443 1580 prius
466 1493 606 1558 maxima
627 1493 743 1558 sames:
769 1508 877 1579 postea
898 1515 978 1580 gens
998 1515 1122 1579 pagana
1143 1516 1162 1558 a
1185 1492 1356 1578 Noruegia
1376 1504 1411 1556 et

352 1605 454 1671 Dacia
469 1605 612 1683 veniens,
626 1626 697 1688 quae
711 1605 799 1690 prius
814 1617 946 1690 gentem
967 1602 1280 1668 Northumbrensem
1295 1603 1410 1667 misere

355 1714 484 1791 ,afflixit
503 1727 536 1779 et
561 1728 635 1801 post
654 1715 687 1777 in
707 1713 960 1778 Lindisfarnensi
980 1712 1146 1799 provincia
1167 1712 1316 1777 ecclesias
1335 1734 1410 1778 curn

356 1824 573 1890 habitantibus
587 1824 778 1890 horribiliter
793 1824 1024 1900 exterminavit,
1039 1822 1147 1888 idibus
1167 1823 1190 1886 J
1191 1824 1323 1888 anuarii.

398 1933 545 1999 Briotrioi
571 1935 655 2020 regis
681 1955 766 1998 anno
786 1948 910 2026 ¹quarto
936 1933 1072 2010 decimo,
1100 1931 1241 1998 Romani
1266 1948 1411 2018 amputa·

354 2057 470 2110 verunt
484 2045 627 2131 linguam
642 2046 737 2110 beato
753 2045 858 2111 Leoni
872 2047 968 2130 Papae
983 2058 1016 2109 et
1030 2044 1138 2110 oculos
1157 2045 1217 2109 sibi
1237 2059 1410 2122 eruerunt3

353 2177 492 2238 eumque
508 2177 528 2218 a
541 2153 616 2219 sede
632 2177 689 2219 sua
705 2155 917 2241 fugaverunt:
941 2152 997 2219 sed
1011 2155 1088 2239 ipsa,
1107 2168 1145 2219 ut
1164 2153 1325 2240 Scriptura
1347 2173 1410 2220 tra-

352 2265 410 2342 dit,
433 2287 492 2352 per
511 2266 575 2331 Dei
598 2267 843 2330 misericordiam
868 2266 987 2331 iterum
1006 2264 1161 2330 videri-et
1182 2265 1270 2350 loqui
1291 2268 1407 2353 potuit,

357 2396 530 2458 rursusque
543 2375 631 2459 Papa
645 2375 776 2440 effectus
791 2389 845 2440 est.
1347 2367 1349 2372 ¹

402 2483 551 2550 Secundo
562 2507 647 2549 anno
662 2485 746 2570 regis
762 2484 942 2550 Ethelwulfi
957 2486 1113 2551 exercitus
1128 2509 1325 2572 paganorum
1339 2511 1411 2573 per·

355 2595 437 2661 rexit
450 2617 508 2682 per
523 2594 702 2660 Orientales
717 2592 822 2681 partes
837 2596 973 2684 Angliae,
989 2597 1108 2664 seilicet
1128 2621 1185 2683 per
1204 2594 1408 2664 Lindeseiam

358 2717 392 2772 et
429 2704 626 2791 Estangliam
664 2717 697 2770 et
735 2705 896 2784 Cantiam,
932 2708 1084 2794 gentique
1117 2708 1298 2775 innumerae
1313 2711 1408 2774 vitam

357 2805 445 2870 ferro
459 2818 639 2890 rapuerunt.

401 2914 627 2980 Sextodecimo
643 2939 728 2983 anno
749 2917 941 3000 Ethelwulfi,
955 2917 1164 2985 Ethelbaldus
1184 2921 1268 2986 filius
1290 2923 1357 3007 ejus
1377 2935 1411 2987 et

356 3028 434 3113 ipse,
450 3028 646 3114 congregatis
662 3029 810 3095 omnibus
826 3030 934 3116 copiis,
950 3045 1173 3117 pugnaverunt
1188 3055 1261 3098 cum
1273 3035 1413 3098 maximo

356 3138 509 3216 exercitu,
526 3139 581 3222 qui
597 3139 710 3204 0ch
725 3141 859 3206 navibus
874 3141 1062 3228 appulerant
1071 3143 1112 3207 ad
1123 3144 1409 3220 Tamesemutham,

357 3249 514 3333 urbesque
538 3249 788 3334 praeclarissimas
813 3266 847 3316 et
867 3252 976 3317 multis
1006 3253 1145 3340 inclytas
1170 3254 1271 3331 annis,
1294 3253 1413 3320 scilicet

357 3359 558 3424 Londoniam
572 3373 605 3423 et
620 3359 837 3438 Cantuariam,
847 3361 1020 3448 fregerunt.
1059 3365 1223 3428 Concessit
1234 3365 1331 3450 igitur
1346 3364 1412 3428 De·

358 3490 398 3532 us
425 3469 590 3533 victoriam
615 3469 691 3533 belli
711 3493 744 3534 se
760 3471 961 3537 credentibus
978 3487 1011 3538 et
1029 3474 1273 3539 inenarrabilem
1295 3475 1413 3541 contri-

357 3578 477 3643 tionem
494 3601 526 3642 se
543 3581 832 3671 contemnentibus.
869 3582 941 3646 Rex
960 3583 1066 3666 itaque
1088 3582 1410 3650 Ethelwulfusvictor

355 3687 546 3751 clarissimus
561 3689 677 3753 extitit.
725 3688 797 3754 Hoc
813 3712 897 3755 anno
909 3693 1029 3778 primus
1044 3715 1241 3780 paganorum
1253 3696 1409 3760 exercitus

356 3821 413 3882 per
437 3811 535 3863 totam
558 3799 707 3885 hyemem
731 3800 763 3862 in
794 3800 855 3866 hac
884 3804 987 3888 patria
1016 3818 1218 3870 conversatus
1247 3819 1295 3872 est
1324 3805 1411 3892 apud

358 3910 497 3974 Thenet.

374 4073 377 4078 Α
402 4019 613 4084 Ethelwulfus
634 4043 721 4084 nono
744 4021 869 4086 decimo
890 4046 974 4088 anno
993 4026 1083 4111 regni
1103 4027 1152 4090 sui
1173 4039 1272 4090 totam
1296 4038 1411 4092 terram

354 4154 445 4196 suam
461 4132 501 4195 ad
527 4153 606 4216 opus
622 4131 825 4197 ecclesiarum
842 4133 1012 4202 decimavit
1034 4152 1164 4225 propter
1185 4160 1327 4205 amorem
1348 4139 1412 4204 Dei
