3252 5170
307 489 370 558 llo
669 505 856 554 canonicor
873 500 982 552 arara

347 661 421 730 742.
458 659 690 726 Carlomannus
718 672 752 723 ct
774 658 908 743 Pipinus
933 655 1106 722 Odilonem
1132 653 1352 721 Baioariorum

302 770 421 835 ducem
436 768 588 850 rebellare
603 780 773 832 conantem
788 766 897 853 praelio
911 777 1072 852 superant.

344 879 420 947 746.
467 877 700 944 Carlomannus
715 900 790 943 eum
812 874 951 942 Odilone
973 875 1055 941 duce
1070 866 1226 942 Baioariae
1240 898 1353 963 pacem

303 991 388 1058 facit.

347 1104 420 1168 745.
467 1099 697 1165 carlomannus
721 1111 754 1164 et
778 1096 935 1183 Pippinus
954 1095 1051 1162 simul
1072 1094 1236 1160 Saxonum
1258 1097 1355 1182 perfi-

301 1211 399 1290 diam,
414 1221 534 1274 vastata
547 1230 658 1274 eorum
673 1208 812 1294 regione,
827 1206 1035 1272 ulciscuntur.

348 1321 420 1385 746.
438 1317 668 1383 carlomannus
678 1316 1060 1381 Alamannositerumrcs
1068 1337 1165 1382 novas
1175 1280 1352 1394 molientes,

303 1426 466 1492 nonnullis
480 1449 591 1491 eorum
606 1426 788 1506 interfectis,
802 1425 1009 1512 compescuit.

345 1539 419 1602 747.
467 1534 711 1610 Carlomannus,
726 1535 835 1600 relicta
850 1557 947 1619 quam
961 1535 1091 1600 tenebat
1101 1547 1268 1621 potestate,
1284 1535 1354 1602 Ro·

304 1667 390 1709 mam
405 1643 511 1723 vadit3
532 1645 642 1731 ibique
651 1657 774 1709 mutato
788 1644 909 1722 babitu,
921 1644 1066 1730 religiose
1075 1646 1224 1724 victurus,
1235 1647 1270 1710 in
1284 1669 1353 1712 cas-

304 1754 409 1819 sinum
425 1753 466 1818 ad
481 1769 626 1819 sanctum
641 1752 856 1818 Benedictum
869 1755 1007 1818 recessit.

346 1863 420 1930 748.
467 1865 592 1951 Gripho
615 1865 711 1930 frater
732 1863 984 1929 Carlomanniet
1000 1860 1142 1950 Pippini‚
1161 1875 1352 1950 potestatem

303 1973 478 2060 quamdam
492 1974 651 2051 affectans,
661 1975 764 2060 primo
778 1973 820 2038 ad
830 1973 982 2052 Saxones,
993 1973 1111 2040 deinde
1123 1975 1164 2040 ad
1179 1975 1352 2054 Baioarios,

304 2105 338 2148 se
355 2083 500 2150 contulit.

348 2202 420 2265 ⁷52.
467 2197 651 2264 Hildericus
665 2216 733 2277 rex,
749 2199 805 2285 qui
819 2199 950 2264 ultimus
965 2195 1240 2288 Merovingiorum
1255 2194 1351 2266 Fran-

303 2308 348 2372 cis
362 2310 538 2396 imperavit,
554 2308 725 2396 depositus,
740 2323 774 2374 et
787 2310 943 2397 Pippinus
957 2311 1048 2397 regni
1062 2311 1183 2376 honore
1202 2310 1351 2376 sublima-

305 2432 430 2485 tuaest.

347 2531 420 2597 753.
465 2528 624 2617 Pippinus
652 2529 778 2608 iterum,
809 2529 971 2595 Saxonum
995 2530 1128 2617 perfidia
1152 2542 1349 2618 provocatus,

302 2641 448 2727 regiones
462 2663 574 2706 eorum
587 2641 739 2706 devastat

348 2750 531 2838 Stephanus
546 2751 634 2839 Papa
650 2751 826 2832 Romanus,
835 2751 992 2817 auxilium
1002 2763 1113 2817 contra
1123 2751 1350 2840 Langobardos

305 2867 427 2946 petens,
441 2863 476 2925 in
493 2863 661 2927 Franciam
674 2862 779 2927 venit·

349 2967 474 3057 Gripho
497 2972 594 3036 frater
617 2973 712 3059 regis,
728 2995 830 3057 quum
856 2973 981 3039 Italiam
1004 2986 1114 3062 petere
1140 2988 1316 3056 conaretur,
1331 2998 1351 3041 a

301 3079 471 3145 comitibus
484 3080 610 3146 fratris
601 3104 636 3146 m
651 3081 840 3168 Burgundia
854 3083 976 3149 occisus
989 3098 1047 3152 est.

347 3193 420 3256 754.
465 3190 650 3257 Bonifacius
686 3193 958 3280 Mogontiacensis
984 3197 1152 3283 episcopus
1180 3197 1215 3262 in
1250 3195 1350 3262 Frisia

303 3302 455 3388 martyrio
469 3315 646 3368 coronatur.

345 3411 551 3477 Carlomanus
565 3412 696 3500 Pippini
710 3412 806 3478 frater
822 3413 971 3500 Lugduni
985 3414 1073 3479 diem
1087 3414 1176 3481 obiit.

350 3521 537 3599 Haifstufus,
552 3523 580 3601 il
605 3540 663 3587 rex
678 3521 976 3610 Langobardorum,
988 3547 1008 3589 a
1021 3526 1184 3612 Pippino'
1174 3545 1209 3590 ιιι
1224 3525 1353 3614 Lango-

303 3630 413 3696 bardia
425 3645 601 3718 superatur.

347 3739 526 3825 Stephanus
541 3763 623 3828 papa
638 3741 778 3807 Romam
792 3744 969 3811 revertitur.

342 3853 417 3916 756.
461 3849 583 3917 Iterum
599 3850 789 3918 Haifstulfus
803 3875 859 3918 rex
870 3854 1153 3942 Langobardorum
1168 3857 1348 3944 a'Pippino

296 3962 332 4025 in
346 3960 455 4047 praelio
479 3976 645 4049 superatur
669 3977 703 4028 et
728 3964 763 4028 in
778 3964 894 4032 Ticino
914 3966 1058 4032 obsessus
1082 3981 1140 4046 est,
1166 3969 1347 4034 ac·deinde

693 4183 710 4223 7
723 4183 835 4232 arnulph.
