3252 5170
214 565 241 608 A.
251 565 278 607 D.
288 562 354 613 lita]
674 561 854 606 GHBONICON.
891 589 896 598 ·
1237 561 1263 606 tt

214 725 332 778 suntet
347 713 541 779 incarcerati.
587 713 651 780 Sed
673 716 801 781 tandem
817 715 973 792 dimissus,
990 715 1150 779 etiterum
1172 713 1265 778 Plau·

215 825 344 891 dreuses
356 827 395 890 ab
407 826 521 892 eodem
538 829 678 894 accersiti
694 830 727 893 in
744 829 903 916 Angliam,
921 828 1100 892 universam
1131 829 1265 913 patriam

214 936 339 1003 diverso
355 938 489 1025 stipatus
499 940 608 1017 milite,
621 941 864 1028 depopulabant
892 939 1013 1004 Comes
1029 955 1135 1004 tamen
1149 939 1266 1016 David,

215 1049 312 1114 frater
323 1051 405 1135 regis
419 1049 707 1130 Scotiae‚castellum
720 1051 759 1116 de
773 1050 983 1115 Huntindone
995 1050 1145 1114 militibus
1157 1063 1267 1115 contra

214 1183 321 1248 regem
337 1163 473 1227 munivit
487 1189 497 1242 ;
520 1185 646 1242 necnon
661 1178 694 1227 et
708 1185 762 1227 rex
779 1161 891 1228 Scotiae
905 1162 1094 1238 Willelmus,
1111 1163 1163 1246 qui
1174 1162 1267 1226 simul

216 1275 448 1361 conspiraverat
462 1297 536 1339 cum
551 1276 605 1354 eis,
621 1275 654 1338 in
672 1274 934 1339 Nerthumbriam
945 1298 1018 1338 cunr
1031 1261 1173 1339 Henrieo
1185 1276 1267 1338 seni-

214 1409 268 1450 ore
284 1387 450 1475 ingressus,
476 1403 574 1453 totam
599 1402 714 1453 terram
736 1389 917 1453 devastavit.
965 1388 1030 1453 Sed
1055 1388 1185 1452 tandem
1210 1409 1267 1450 rex

214 1497 383 1577 Henricus,
396 1501 559 1584 praeseieus
575 1502 660 1585 quod
673 1503 706 1566 in
720 1501 872 1566 Sanctum
892 1499 1049 1564 Thomam
1070 1498 1266 1585 deliquisset,

213 1613 307 1678 nudis
329 1615 463 1702 pedibus
488 1615 640 1683 Sanctum
673 1617 774 1704 petiit,
797 1631 830 1682 et
858 1616 935 1681 dum
958 1615 1003 1679 ibi
1026 1615 1206 1702 persisteret
1235 1613 1270 1676 in

215 1727 367 1803 oratione,
378 1740 488 1812 captus
500 1743 547 1793 est
561 1729 807 1794 Willelmusrex
821 1729 933 1794 Scotiae
948 1751 967 1792 a
981 1727 1134 1791 militibus
1151 1726 1270 1812 praefati

214 1839 297 1924 regis
327 1839 474 1916 Henrici,
491 1863 663 1924 omnesque
679 1840 848 1906 adversarii
863 1842 930 1927 ejus
947 1839 1057 1917 territi,
1072 1860 1182 1925 pacem
1193 1860 1269 1924 sup·

215 1951 341 2038 pliciter
367 1952 572 2038 postulantes,
597 1954 863 2039 inipetraverunt3
887 1953 973 2037 prius
1000 1963 1106 2015 tamen
1129 1950 1268 2037 praestito

213 2077 425 2142 sacramento,
449 2076 482 2128 et
497 2063 578 2127 datis
592 2064 762 2141 obsidibus,
778 2077 811 2128 et
827 2063 949 2128 traditis
964 2062 1107 2149 pluribus
1122 2062 1267 2126 castellis.

219 2173 294 2238 Hoc
311 2188 417 2239 actum
429 2188 477 2238 est
494 2196 577 2238 anno
593 2175 754 2240 trecesimo
770 2175 892 2262 prim03
917 2197 1001 2238 anno
1019 2174 1116 2261 igitur
1132 2174 1267 2254 Henrici

209 2283 346 2368 junioris
360 2285 442 2371 regis
457 2283 570 2362 XXX,
594 2299 627 2350 et
642 2285 853 2350 coronationis
872 2285 954 2351 XII.
1002 2285 1093 2350 Obiit
1108 2284 1194 2350 idem
1209 2305 1268 2349 rex

210 2395 245 2460 iu
261 2395 442 2483 Thorneya,
467 2410 500 2460 et
518 2396 659 2481 sepultus
678 2412 727 2462 est
750 2398 953 2486 Rothomagi.
999 2397 1048 2462 Eo
1067 2399 1164 2462 etiam
1188 2410 1271 2462 tern-

214 2529 291 2594 pore
315 2505 492 2573 Willelmus
515 2505 631 2573 Comes
656 2506 847 2586 Gloverniae,
881 2532 962 2596 tegre
992 2509 1095 2574 ferens
1125 2507 1267 2573 dividere

211 2621 430 2687 haereditatem
455 2641 545 2685 suam
569 2621 651 2686 inter
674 2621 763 2699 filias,
780 2645 881 2707 quum
905 2620 1008 2685 filium
1034 2643 1100 2685 non
1125 2621 1266 2697 haberet,

215 2735 398 2799 Johannem
415 2733 517 2796 lilium
535 2735 618 2818 regis
634 2733 789 2798 haeredem
805 2756 897 2798 suum
928 2733 1101 2797 coustituit.
1148 2731 1268 2796 Henri-

215 2869 272 2910 cus
283 2867 358 2908 vero
371 2866 436 2923 rex,
453 2867 552 2930 quum
568 2859 728 2930 regnasset
739 2845 830 2908 annis
837 2844 973 2930 triginta
985 2845 1136 2929 quinque,
1151 2843 1268 2908 mensi·

218 2957 278 3024 bus
291 2981 355 3039 sex,
371 2959 458 3024 diem
473 2958 585 3024 clausit
600 2958 747 3024 ultimum
764 2956 851 3046 apud
866 2959 1003 3039 Cbiuon,
1017 2973 1049 3025 et
1062 2960 1204 3046 sepultus
1219 2972 1268 3024 est

213 3083 298 3171 apud
314 3083 449 3151 Fontem
459 3082 644 3154 Everardi.l

556 3299 621 3362 *Du
644 3317 730 3361 usos
754 3296 915 3362 chuuno.

260 3409 359 3476 Anno
389 3409 487 3496 igitur
517 3407 650 3473 Domini
681 3407 748 3474 MC
779 3409 972 3496 octogesimo
994 3430 1091 3486 nono,
1114 3408 1268 3473 successit

212 3519 355 3588 Henrico
370 3521 435 3586 filio
454 3521 661 3606 imperatricis
685 3520 839 3586 Ricardus
869 3521 953 3600 filius
973 3543 1057 3585 suus.
1105 3520 1172 3596 Qui
1187 3544 1268 3608 quo-

211 3635 297 3700 niam
312 3657 400 3700 arma
415 3648 554 3700 moverat
569 3633 739 3720 aliquando
754 3647 864 3699 contra
878 3648 1001 3718 patrem
1016 3655 1120 3712 suum,
1137 3633 1263 3698 absolu-

216 3785 349 3797 m

240 3865 256 3906 ‘l
271 3864 371 3904 Giraldur
386 3864 521 3904 cambrensis
535 3865 574 3904 hes
583 3865 712 3915 pourtrayed
726 3865 849 3914 thinking's
864 3865 973 3904 character
985 3865 1229 3915 vithumuehjuete'ce
1241 3876 1265 3904 aa

214 3932 315 3981 severity.
342 3932 440 3971 ‘Hevras
455 3933 547 3982 pereleer
558 3932 580 3972 iu
595 3933 894 3982 ehivalry,1uverre,andin
908 3933 1000 3982 lechery.
1027 3933 1060 3972 He
1072 3932 1159 3971 wedded
1175 3932 1267 3972 Eleanor

213 4000 263 4040 vua
279 3999 464 4048 ortevtakynge
478 3999 597 4046 ofFranee,
606 4004 704 4048 contrary
716 4003 739 4039 te
751 4000 788 4039 the
797 3999 999 4040 eommaundement
1012 4001 1035 4040 ot
1046 3995 1080 4039 his
1094 3999 1177 4046 rathen
1190 3999 1223 4038 tor
1237 3999 1265 4038 he

212 4067 283 4107 hadde
292 4067 377 4106 shewed
386 4069 408 4106 to
416 4067 468 4116 hym
476 4067 524 4106 that
531 4067 558 4106 he
566 4067 608 4106 had
615 4067 664 4116 lyen
672 4068 701 4117 by
709 4067 908 4117 her,......ltychard
924 4067 958 4106 hie
967 4077 1018 4106 eone
1024 4067 1095 4106 would
1104 4066 1162 4106 osten
1170 4067 1209 4105 tell
1217 4067 1264 4106 that

212 4136 306 4181 wonder,
315 4135 357 4174 and
366 4135 419 4174 used
434 4137 456 4174 to
464 4145 509 4184 say,
519 4135 553 4174 Ne
560 4133 657 4185 mervyle
665 4135 714 4175 thet
721 4135 771 4184 they
780 4135 858 4184 greved
872 4136 909 4174 the
921 4136 996 4185 people
1008 4136 1056 4175 that
1063 4145 1118 4174 were
1135 4143 1232 4174 common
1242 4133 1267 4173 of

212 4203 355 4254 tuehkynd03
369 4203 402 4243 ter
410 4203 434 4244 ot
439 4204 476 4244 the
485 4204 563 4254 Devyll
570 4204 622 4254 they
627 4214 694 4253 cerus,
702 4205 744 4244 aut
752 4207 774 4244 to
783 4205 819 4244 the
829 4204 905 4254 Devyll
913 4205 964 4255 they
972 4205 1026 4245 shall
1034 4204 1076 4254 go!
1100 4203 1226 4244 Translated
1240 4203 1264 4244 ln

215 4271 333 4321 Pabyamp
350 4273 394 4311 2⁸1.
867 4277 871 4286 ¹

239 4339 280 4378 Old
289 4339 377 4379 houden
384 4339 461 4388 surge
469 4350 513 4379 vae
519 4339 575 4380 built
581 4339 605 4380 ln
612 4339 656 4379 this
663 4339 734 4389 nng’t
742 4339 851 4389 reign-⁴¹
858 4340 898 4380 Hie
906 4339 971 4380 ettam
980 4340 1055 4380 diebus
1061 4351 1114 4390 pour
1122 4338 1219 4390 lapideus
1226 4351 1265 4382 eu·

216 4415 254 4456 pra
261 4405 379 4446 ramleram
388 4405 486 4456 inceptus
494 4410 527 4447 eet
535 4417 548 4447 a
556 4417 605 4458 rege
613 4407 707 4448 flenrleo
713 4407 770 4457 apud
779 4407 922 4458 Lanuuinum,
930 4419 987 4448 anno
996 4408 1083 4448 Domini
1092 4407 1164 4448 1173)*

953 4471 974 4510 J·
984 4471 1051 4518 Roas,
1060 4471 1127 4512 Hier.
1137 4481 1158 4520 υ.
1168 4471 1210 4512 142.
