3252 5170
202 495 228 535 A.
239 493 265 534 D.
277 493 402 542 talama]
524 494 526 498 ’
540 491 549 499 ’
564 493 576 502 “’
588 493 590 498 “
705 486 884 534 CHRONICDN.
1211 483 1249 530 tat

245 630 359 696 Dictus
373 651 448 694 vero
464 627 624 694 Henricus
638 630 738 694 invita
755 651 813 693 sua
822 628 920 715 gessit
930 627 1042 704 multa,
1068 627 1109 692 de
1131 627 1245 712 quibus

200 759 301 824 pauca
315 738 356 802 de
372 737 512 821 pluribus
526 739 663 804 breviter
677 759 884 825 exponemus.
929 725 1027 803 Anno
1044 736 1143 823 igitur
1159 757 1251 802 coro·

199 846 337 911 nationis
370 871 436 914 suae
460 849 621 926 vicesimo,
645 869 720 912 cum
744 847 894 914 Elianora
913 843 1046 912 Comitis
1069 845 1249 911 Provinciae

195 959 263 1026 filia
276 964 443 1043 contraxit,
459 985 555 1048 quam
570 963 657 1047 apud
681 963 886 1028 Cantuariam
909 960 1121 1045 desponsavit,
1136 982 1250 1046 coope-

193 1081 284 1135 rante
310 1085 344 1137 et
358 1086 472 1158 agente
484 1073 577 1138 beato
589 1071 762 1137 Edmnndo
772 1072 990 1138 cantuariensi
1001 1070 1249 1158 archiepiscopo.

200 1180 252 1244 De
267 1203 330 1265 qua
343 1183 456 1268 gennit
483 1181 678 1248 Edwardum
704 1194 739 1247 et
763 1181 974 1246 Edmnndnm
996 1193 1030 1246 et
1044 1179 1126 1246 filias
1150 1203 1249 1268 quam

199 1289 360 1374 plurimas.
409 1291 554 1370 Quarum
577 1314 677 1358 uuam
692 1292 783 1358 dedit
803 1293 872 1379 regi
888 1291 1010 1370 Scotiae,
1025 1291 1120 1356 aliam
1134 1290 1246 1356 comiti

203 1397 388 1467 Britanuiae.

241 1509 357 1576 Sancto
386 1511 485 1598 igitur
508 1512 682 1578 Edmnndo
706 1513 925 1579 cantuariensi
948 1511 1185 1599 archiepiscopo
1205 1504 1247 1576 ad

198 1619 337 1685 coelestia
351 1621 511 1700 translato,
527 1622 568 1687 ad
581 1622 765 1688 instantiam
778 1623 898 1708 reginae
911 1641 986 1708 rege
1010 1632 1199 1708 procurante
1214 1632 1248 1684 et

194 1746 319 1818 agente,
330 1733 449 1798 electus
457 1741 506 1799 est
516 1733 698 1800 Bonifatius
707 1733 747 1798 ad
759 1734 1066 1821 archiepiscopatum
1080 1731 1245 1799 Cantuari·

194 1859 314 1921 ensem,
330 1855 363 1906 et
377 1841 531 1930 Lugduni
545 1867 565 1909 a
580 1867 695 1910 sumno
709 1845 861 1931 pontifice
876 1856 953 1908 tunc
968 1843 1090 1908 ibidem
1104 1864 1246 1908 commo⁴

199 1962 290 2015 rante
300 1966 499 2018 consecratus
514 1969 582 2034 est3
605 1953 779 2030 avunculus
794 1953 882 2018 enim
895 1954 1014 2040 reginae
1027 1953 1141 2017 fuerat.
1183 1954 1247 2017 As-

196 2061 517 2150 chiepiscopusigitur
528 2078 561 2129 et
571 2064 690 2150 regina,
702 2064 918 2128 consentiente
927 2085 1002 2150 rege
1014 2075 1047 2128 et
1057 2061 1246 2148 permitten-

199 2183 243 2247 te,
257 2171 374 2236 multos
385 2172 426 2237 de
441 2175 543 2260 patria
558 2196 616 2238 sua
638 2174 804 2239 convocari
818 2173 973 2253 fecerunt,
986 2173 1100 2256 quibus
1114 2171 1246 2248 reditus,

200 2294 298 2348 terras
320 2296 354 2348 et
367 2283 578 2348 ecclesiastica
592 2284 748 2348 beneficia
764 2283 976 2348 contulerunt.
1001 2281 1099 2347 Unde
1124 2281 1247 2346 factum

200 2409 248 2459 est
277 2408 315 2460 ut
328 2394 507 2472 comitibus,
534 2394 714 2471 baronibus,
737 2406 771 2458 et
785 2393 943 2482 indigenis
965 2414 986 2458 a
1004 2391 1139 2458 concilio
1162 2390 1246 2477 regis

197 2505 347 2592 expulsis,
370 2526 427 2570 rex
443 2504 565 2572 eisdem
585 2504 725 2570 totaliter
744 2504 920 2570 adhaeserit.
946 2503 1048 2590 Super
1072 2525 1138 2590 qno
1161 2501 1245 2566 facto

194 2613 353 2700 indignati
378 2627 453 2679 sunt
467 2614 599 2678 comites
623 2629 656 2678 et
669 2614 804 2678 barones
819 2612 948 2697 Angliae
961 2632 1056 2695 supra
1070 2609 1157 2695 quod
1180 2609 1246 2674 dici

200 2736 305 2810 potest
319 2750 329 2803 3
353 2736 606 2810 congregatoque
621 2721 708 2809 apud
724 2723 882 2788 Oxoniam
902 2743 1019 2807 magno
1033 2720 1247 2786 Parliamento

200 2833 241 2897 de
267 2834 358 2920 regni
374 2833 509 2920 negotiis
523 2831 740 2909 emendandis,
761 2833 905 2917 juratum
928 2845 976 2897 est
999 2854 1019 2895 a
1032 2853 1106 2918 rege
1131 2831 1246 2916 primo,
1328 2885 1334 2892 .

198 2944 377 3024 comitibus,
392 2944 572 3021 baronibus,
587 2957 620 3008 et
643 2942 790 3008 omnibus
811 2956 904 3009 terrae
925 2943 1136 3030 magnatibus,
1160 2941 1248 3027 quod

196 3055 314 3132 omnia,
329 3055 507 3120 secundum
519 3066 637 3120 statuta
646 3053 766 3118 ibidem
781 3053 934 3130 ordinata,
950 3054 1087 3120 totaliter
1096 3052 1246 3117 emenda-

198 3181 316 3231 rentur.
372 3166 415 3232 Et
444 3167 519 3252 quia
536 3165 708 3252 Aylmerus
726 3163 954 3229 Wintoniensis
977 3163 1108 3237 electus,
1125 3162 1247 3227 Willel·

197 3297 270 3340 mus
284 3275 325 3340 de
345 3275 497 3352 Valence,
513 3288 546 3340 et
569 3273 680 3339 Guido
703 3274 744 3338 de
770 3274 915 3350 Irisinon,
931 3274 1044 3339 fratres
1058 3274 1151 3358 regis,
1175 3257 1244 3337 istis

198 3385 429 3470 provisionibus
443 3407 510 3449 non
525 3398 762 3463 consenserunt,
774 3406 794 3447 a
817 3395 899 3448 terra
910 3382 1040 3468 Angliaa
1053 3405 1129 3447 cum
1143 3384 1245 3447 omni-

198 3495 257 3560 bus
268 3499 332 3560 suis
344 3495 377 3559 in
387 3494 518 3559 exilium
528 3494 590 3560 acti
598 3506 682 3571 sunt,
695 3492 899 3578 Francigenae
908 3508 1015 3558 autem
1025 3505 1156 3580 exparte
1166 3494 1247 3580 regi-

200 3605 362 3670 naeadhuc
372 3607 405 3670 in
415 3621 498 3671 terra
506 3605 773 3670 morantesimile
782 3603 1246 3690 periculumsibiformidabant.

201 3715 299 3780 Unde
314 3737 425 3780 eorum
439 3717 640 3802 suggestione
654 3738 711 3780 rex
724 3714 882 3792 seductus,
896 3729 930 3780 et
952 3737 1046 3800 super
1066 3717 1250 3801 juramento

199 3847 258 3890 suo
269 3824 459 3912 poenitentia
467 3825 592 3903 ductus,
601 3825 642 3890 ad
652 3826 774 3889 curiam
786 3826 964 3890 Romanam
972 3825 1107 3890 nuncios
1120 3823 1247 3906 direxit,

201 3947 235 3998 et
259 3953 279 3997 a
304 3955 429 3998 summo
452 3933 643 4020 pontifices
666 3935 849 4020 juramento
874 3933 1035 3998 absolutus
1049 3945 1107 4001 est.
1152 3934 1250 4002 Quod

204 4043 370 4108 audientes
384 4044 515 4108 comites
539 4058 572 4108 et
594 4045 726 4109 barones
745 4045 843 4131 jurati
858 4059 933 4110 sunt
956 4023 1108 4122 dicentes,
1119 4053 1140 4085 ‘⁶
1153 4045 1251 4120 Quod

207 4153 368 4240 frangenti
382 4154 480 4220 fidem
499 4155 579 4220 fides
596 4154 791 4220 observanda
804 4168 941 4222 nonest.
958 4157 974 4185 ’'
1018 4156 1252 4222 Convenieutes

725 4262 763 4320 14
