<?xml version="1.0" encoding="UTF-8"?>
<!DOCTYPE html PUBLIC "-//W3C//DTD XHTML 1.0 Transitional//EN"
    "http://www.w3.org/TR/xhtml1/DTD/xhtml1-transitional.dtd">
<html xmlns="http://www.w3.org/1999/xhtml" xml:lang="en" lang="en">
 <head>
  <title>
</title>
<meta http-equiv="Content-Type" content="text/html;charset=utf-8" />
  <meta name='ocr-system' content='tesseract 3.04.00' />
  <meta name='ocr-capabilities' content='ocr_page ocr_carea ocr_par ocr_line ocrx_word'/>
</head>
<body>
  <div class='ocr_page' id='page_1' title='image "./chroniconhenric01henrgoog_0033.png"; bbox 0 0 3212 5206; ppageno 0'>
   <div class='ocr_carea' id='block_1_1' title="bbox 341 521 1392 576">
    <p class='ocr_par' dir='ltr' id='par_1_1' title="bbox 341 521 1392 576">
     <span class='ocr_line' id='line_1_1' title="bbox 341 521 1392 576; baseline -0.003 -8"><span class='ocrx_word' id='word_1_1' title='bbox 341 528 368 568; x_wconf 70' lang='lat'>28</span> <span class='ocrx_word' id='word_1_2' title='bbox 694 521 822 567; x_wconf 66' lang='lat' dir='ltr'>riarium</span> <span class='ocrx_word' id='word_1_3' title='bbox 836 526 875 566; x_wconf 80' lang='lat' dir='ltr'>DE</span> <span class='ocrx_word' id='word_1_4' title='bbox 889 526 1036 567; x_wconf 74' lang='lat' dir='ltr'>SILGRAVE</span> <span class='ocrx_word' id='word_1_5' title='bbox 1222 526 1257 576; x_wconf 84' lang='grc' dir='ltr'>[Α.</span> <span class='ocrx_word' id='word_1_6' title='bbox 1266 525 1292 566; x_wconf 87' lang='lat' dir='ltr'>D.</span> <span class='ocrx_word' id='word_1_7' title='bbox 1302 525 1392 566; x_wconf 72' lang='lat' dir='ltr'>tonost.</span> 
     </span>
    </p>
   </div>
   <div class='ocr_carea' id='block_1_2' title="bbox 343 659 1395 3325">
    <p class='ocr_par' dir='ltr' id='par_1_2' title="bbox 345 659 1392 861">
     <span class='ocr_line' id='line_1_2' title="bbox 384 659 1392 750; baseline -0.003 -22"><span class='ocrx_word' id='word_1_8' title='bbox 384 661 448 728; x_wconf 91' lang='grc' dir='ltr'><strong>ΙΙΙ.</strong></span> <span class='ocrx_word' id='word_1_9' title='bbox 474 659 661 738; x_wconf 88' lang='lat' dir='ltr'>Ethelricus‚</span> <span class='ocrx_word' id='word_1_10' title='bbox 675 660 740 728; x_wconf 81' lang='lat' dir='ltr'>Idae</span> <span class='ocrx_word' id='word_1_11' title='bbox 762 660 855 738; x_wconf 90' lang='lat' dir='ltr'>iilius,</span> <span class='ocrx_word' id='word_1_12' title='bbox 880 662 934 746; x_wconf 94' lang='lat' dir='ltr'>qui</span> <span class='ocrx_word' id='word_1_13' title='bbox 955 662 1205 749; x_wconf 85' lang='lat' dir='ltr'>regnavitannis</span> <span class='ocrx_word' id='word_1_14' title='bbox 1239 663 1392 750; x_wconf 90' lang='lat' dir='ltr'>quinque.</span> 
     </span>
     <span class='ocr_line' id='line_1_3' title="bbox 345 774 561 861; baseline -0.014 -20"><span class='ocrx_word' id='word_1_15' title='bbox 345 774 448 861; x_wconf 89' lang='lat' dir='ltr'>Cujus</span> <span class='ocrx_word' id='word_1_16' title='bbox 469 775 561 852; x_wconf 90' lang='lat' dir='ltr'>filius,</span> 
     </span>
    </p>

    <p class='ocr_par' dir='ltr' id='par_1_3' title="bbox 344 885 1395 1983">
     <span class='ocr_line' id='line_1_4' title="bbox 385 885 1393 974; baseline -0.002 -22"><span class='ocrx_word' id='word_1_17' title='bbox 385 885 444 952; x_wconf 90' lang='lat' dir='ltr'>IV.</span> <span class='ocrx_word' id='word_1_18' title='bbox 461 885 658 952; x_wconf 87' lang='lat' dir='ltr'>Etlrelfridus</span> <span class='ocrx_word' id='word_1_19' title='bbox 673 887 765 974; x_wconf 85' lang='lat' dir='ltr'>regni</span> <span class='ocrx_word' id='word_1_20' title='bbox 781 885 999 972; x_wconf 85' lang='lat' dir='ltr'>gubernacula</span> <span class='ocrx_word' id='word_1_21' title='bbox 1020 887 1167 974; x_wconf 86' lang='lat' dir='ltr'>suscepit.</span> <span class='ocrx_word' id='word_1_22' title='bbox 1214 887 1277 951; x_wconf 91' lang='lat' dir='ltr'>Hic</span> <span class='ocrx_word' id='word_1_23' title='bbox 1292 908 1393 971; x_wconf 91' lang='lat' dir='ltr'>quum</span> 
     </span>
     <span class='ocr_line' id='line_1_5' title="bbox 344 997 1393 1087; baseline -0.001 -23"><span class='ocrx_word' id='word_1_24' title='bbox 344 1021 403 1064; x_wconf 87' lang='lat' dir='ltr'>sua</span> <span class='ocrx_word' id='word_1_25' title='bbox 439 997 627 1064; x_wconf 86' lang='lat' dir='ltr'>defenderet</span> <span class='ocrx_word' id='word_1_26' title='bbox 666 999 789 1077; x_wconf 87' lang='lat' dir='ltr'>acriter,</span> <span class='ocrx_word' id='word_1_27' title='bbox 831 1011 865 1064; x_wconf 89' lang='lat' dir='ltr'>et</span> <span class='ocrx_word' id='word_1_28' title='bbox 899 998 1003 1065; x_wconf 88' lang='lat' dir='ltr'>aliena</span> <span class='ocrx_word' id='word_1_29' title='bbox 1038 1000 1182 1087; x_wconf 86' lang='lat' dir='ltr'><strong>improbe</strong></span> <span class='ocrx_word' id='word_1_30' title='bbox 1219 998 1393 1076; x_wconf 89' lang='lat' dir='ltr'>invaderet,</span> 
     </span>
     <span class='ocr_line' id='line_1_6' title="bbox 347 1111 1394 1190; baseline 0 -14"><span class='ocrx_word' id='word_1_31' title='bbox 347 1134 413 1178; x_wconf 90' lang='lat' dir='ltr'>non</span> <span class='ocrx_word' id='word_1_32' title='bbox 436 1134 512 1176; x_wconf 92' lang='lat' dir='ltr'>eum</span> <span class='ocrx_word' id='word_1_33' title='bbox 534 1135 552 1177; x_wconf 86' lang='lat' dir='ltr'>a</span> <span class='ocrx_word' id='word_1_34' title='bbox 574 1113 762 1176; x_wconf 86' lang='lat' dir='ltr'>necessitate</span> <span class='ocrx_word' id='word_1_35' title='bbox 784 1112 928 1177; x_wconf 85' lang='lat' dir='ltr'>fraenavit</span> <span class='ocrx_word' id='word_1_36' title='bbox 942 1112 1066 1190; x_wconf 86' lang='lat' dir='ltr'>inertia,</span> <span class='ocrx_word' id='word_1_37' title='bbox 1089 1135 1149 1176; x_wconf 89' lang='lat' dir='ltr'>nec</span> <span class='ocrx_word' id='word_1_38' title='bbox 1172 1111 1213 1176; x_wconf 90' lang='lat' dir='ltr'>ad</span> <span class='ocrx_word' id='word_1_39' title='bbox 1234 1112 1394 1176; x_wconf 87' lang='lat' dir='ltr'>temerita-</span> 
     </span>
     <span class='ocr_line' id='line_1_7' title="bbox 344 1222 1395 1312; baseline -0.001 -23"><span class='ocrx_word' id='word_1_40' title='bbox 344 1238 408 1290; x_wconf 88' lang='lat' dir='ltr'>tem</span> <span class='ocrx_word' id='word_1_41' title='bbox 432 1224 631 1312; x_wconf 81' lang='lat' dir='ltr'>precipitavit</span> <span class='ocrx_word' id='word_1_42' title='bbox 647 1223 787 1288; x_wconf 86' lang='lat' dir='ltr'>audacia</span> <span class='ocrx_word' id='word_1_43' title='bbox 834 1222 897 1288; x_wconf 90' lang='lat' dir='ltr'>Hic</span> <span class='ocrx_word' id='word_1_44' title='bbox 923 1225 1089 1289; x_wconf 84' lang='lat' dir='ltr'>Scotorum</span> <span class='ocrx_word' id='word_1_45' title='bbox 1112 1246 1220 1311; x_wconf 87' lang='lat' dir='ltr'>regem</span> <span class='ocrx_word' id='word_1_46' title='bbox 1241 1225 1325 1289; x_wconf 85' lang='lat' dir='ltr'>Etan</span> <span class='ocrx_word' id='word_1_47' title='bbox 1345 1223 1395 1288; x_wconf 91' lang='lat' dir='ltr'>fu-</span> 
     </span>
     <span class='ocr_line' id='line_1_8' title="bbox 344 1311 1392 1422; baseline -0.002 -23"><span class='ocrx_word' id='word_1_48' title='bbox 344 1311 430 1422; x_wconf 75' lang='lat' dir='ltr'>¹gavit</span> <span class='ocrx_word' id='word_1_49' title='bbox 451 1335 582 1412; x_wconf 88' lang='lat' dir='ltr'>victum,</span> <span class='ocrx_word' id='word_1_50' title='bbox 605 1349 638 1399; x_wconf 91' lang='lat' dir='ltr'>et</span> <span class='ocrx_word' id='word_1_51' title='bbox 668 1357 730 1421; x_wconf 80' lang='lat' dir='ltr'>proe</span> <span class='ocrx_word' id='word_1_52' title='bbox 764 1336 883 1400; x_wconf 86' lang='lat' dir='ltr'>caeteris</span> <span class='ocrx_word' id='word_1_53' title='bbox 917 1334 1045 1422; x_wconf 84' lang='lat' dir='ltr'>regibus</span> <span class='ocrx_word' id='word_1_54' title='bbox 1068 1336 1214 1401; x_wconf 87' lang='lat' dir='ltr'>Britones</span> <span class='ocrx_word' id='word_1_55' title='bbox 1236 1334 1392 1400; x_wconf 80' lang='lat' dir='ltr'>contrivit.</span> 
     </span>
     <span class='ocr_line' id='line_1_9' title="bbox 346 1446 1395 1534; baseline 0 -22"><span class='ocrx_word' id='word_1_56' title='bbox 346 1447 410 1512; x_wconf 92' lang='lat' dir='ltr'>Hic</span> <span class='ocrx_word' id='word_1_57' title='bbox 432 1460 479 1512; x_wconf 88' lang='lat' dir='ltr'>est</span> <span class='ocrx_word' id='word_1_58' title='bbox 502 1448 556 1532; x_wconf 93' lang='lat' dir='ltr'>qui</span> <span class='ocrx_word' id='word_1_59' title='bbox 578 1447 752 1511; x_wconf 90' lang='lat' dir='ltr'>monachos</span> <span class='ocrx_word' id='word_1_60' title='bbox 773 1446 814 1511; x_wconf 91' lang='lat' dir='ltr'>de</span> <span class='ocrx_word' id='word_1_61' title='bbox 849 1449 978 1534; x_wconf 86' lang='lat' dir='ltr'>Bangor</span> <span class='ocrx_word' id='word_1_62' title='bbox 1002 1469 1064 1534; x_wconf 14' lang='lat' dir='ltr'>&#39;pro</span> <span class='ocrx_word' id='word_1_63' title='bbox 1097 1447 1239 1512; x_wconf 82' lang='lat' dir='ltr'>exercitu</span> <span class='ocrx_word' id='word_1_64' title='bbox 1270 1459 1395 1513; x_wconf 88' lang='lat' dir='ltr'>orantes</span> 
     </span>
     <span class='ocr_line' id='line_1_10' title="bbox 345 1556 1394 1646; baseline -0.003 -21"><span class='ocrx_word' id='word_1_65' title='bbox 345 1559 480 1636; x_wconf 85' lang='lat' dir='ltr'>occidit3</span> <span class='ocrx_word' id='word_1_66' title='bbox 504 1573 537 1623; x_wconf 91' lang='lat' dir='ltr'>et</span> <span class='ocrx_word' id='word_1_67' title='bbox 566 1557 737 1623; x_wconf 89' lang='lat' dir='ltr'>Edwinum</span> <span class='ocrx_word' id='word_1_68' title='bbox 760 1556 839 1623; x_wconf 85' lang='lat' dir='ltr'>Ellae</span> <span class='ocrx_word' id='word_1_69' title='bbox 860 1558 960 1623; x_wconf 90' lang='lat' dir='ltr'>filium</span> <span class='ocrx_word' id='word_1_70' title='bbox 983 1581 1082 1646; x_wconf 84' lang='lat' dir='ltr'>regno</span> <span class='ocrx_word' id='word_1_71' title='bbox 1104 1557 1198 1623; x_wconf 89' lang='lat' dir='ltr'>simul</span> <span class='ocrx_word' id='word_1_72' title='bbox 1221 1571 1253 1623; x_wconf 92' lang='lat' dir='ltr'>et</span> <span class='ocrx_word' id='word_1_73' title='bbox 1267 1559 1394 1643; x_wconf 89' lang='lat' dir='ltr'>provin·</span> 
     </span>
     <span class='ocr_line' id='line_1_11' title="bbox 345 1669 1395 1757; baseline -0.003 -21"><span class='ocrx_word' id='word_1_74' title='bbox 345 1673 403 1749; x_wconf 85' lang='lat' dir='ltr'>cia,</span> <span class='ocrx_word' id='word_1_75' title='bbox 419 1674 450 1736; x_wconf 90' lang='lat' dir='ltr'>in</span> <span class='ocrx_word' id='word_1_76' title='bbox 468 1683 623 1756; x_wconf 89' lang='lat' dir='ltr'>quantum</span> <span class='ocrx_word' id='word_1_77' title='bbox 645 1671 734 1748; x_wconf 85' lang='lat' dir='ltr'>vixit,</span> <span class='ocrx_word' id='word_1_78' title='bbox 751 1670 893 1757; x_wconf 84' lang='lat' dir='ltr'>fugavit3</span> <span class='ocrx_word' id='word_1_79' title='bbox 920 1669 976 1735; x_wconf 91' lang='lat' dir='ltr'>scd</span> <span class='ocrx_word' id='word_1_80' title='bbox 997 1670 1114 1734; x_wconf 86' lang='lat' dir='ltr'>auxilio</span> <span class='ocrx_word' id='word_1_81' title='bbox 1130 1669 1299 1734; x_wconf 87' lang='lat' dir='ltr'>Redwaldi</span> <span class='ocrx_word' id='word_1_82' title='bbox 1312 1669 1395 1756; x_wconf 85' lang='lat' dir='ltr'>regis</span> 
     </span>
     <span class='ocr_line' id='line_1_12' title="bbox 346 1781 1393 1863; baseline -0.004 -13"><span class='ocrx_word' id='word_1_83' title='bbox 346 1783 559 1850; x_wconf 82' lang='lat' dir='ltr'>Orientalium</span> <span class='ocrx_word' id='word_1_84' title='bbox 583 1783 744 1848; x_wconf 82' lang='lat' dir='ltr'>Saxonum</span> <span class='ocrx_word' id='word_1_85' title='bbox 769 1783 809 1847; x_wconf 91' lang='lat' dir='ltr'>ab</span> <span class='ocrx_word' id='word_1_86' title='bbox 835 1782 954 1848; x_wconf 89' lang='lat' dir='ltr'>eodem</span> <span class='ocrx_word' id='word_1_87' title='bbox 981 1781 1116 1847; x_wconf 87' lang='lat' dir='ltr'>Edwino</span> <span class='ocrx_word' id='word_1_88' title='bbox 1142 1781 1293 1863; x_wconf 90' lang='lat' dir='ltr'>devictus,</span> <span class='ocrx_word' id='word_1_89' title='bbox 1309 1805 1393 1846; x_wconf 91' lang='lat' dir='ltr'>auno</span> 
     </span>
     <span class='ocr_line' id='line_1_13' title="bbox 344 1895 1393 1983; baseline -0.002 -22"><span class='ocrx_word' id='word_1_90' title='bbox 344 1896 435 1983; x_wconf 86' lang='lat' dir='ltr'>regni</span> <span class='ocrx_word' id='word_1_91' title='bbox 451 1896 501 1960; x_wconf 86' lang='lat' dir='ltr'>sui</span> <span class='ocrx_word' id='word_1_92' title='bbox 515 1895 665 1960; x_wconf 91' lang='lat' dir='ltr'>vicesimo</span> <span class='ocrx_word' id='word_1_93' title='bbox 680 1918 814 1981; x_wconf 83' lang='lat' dir='ltr'>regnum</span> <span class='ocrx_word' id='word_1_94' title='bbox 830 1908 863 1961; x_wconf 90' lang='lat' dir='ltr'>et</span> <span class='ocrx_word' id='word_1_95' title='bbox 877 1895 974 1960; x_wconf 88' lang='lat' dir='ltr'>vitam</span> <span class='ocrx_word' id='word_1_96' title='bbox 990 1895 1138 1981; x_wconf 87' lang='lat' dir='ltr'>perdidit.</span> <span class='ocrx_word' id='word_1_97' title='bbox 1153 1899 1171 1983; x_wconf 65' lang='lat' dir='ltr'>p</span> <span class='ocrx_word' id='word_1_98' title='bbox 1228 1897 1271 1960; x_wconf 84' lang='lat' dir='ltr'>Et</span> <span class='ocrx_word' id='word_1_99' title='bbox 1284 1907 1393 1959; x_wconf 87' lang='lat' dir='ltr'>sancto</span> 
     </span>
    </p>

    <p class='ocr_par' dir='ltr' id='par_1_4' title="bbox 343 2005 1394 3214">
     <span class='ocr_line' id='line_1_14' title="bbox 388 2005 1393 2095; baseline 0 -24"><span class='ocrx_word' id='word_1_100' title='bbox 388 2008 429 2072; x_wconf 92' lang='lat' dir='ltr'>V.</span> <span class='ocrx_word' id='word_1_101' title='bbox 454 2007 590 2073; x_wconf 89' lang='lat' dir='ltr'>Edwino</span> <span class='ocrx_word' id='word_1_102' title='bbox 621 2008 684 2072; x_wconf 90' lang='lat' dir='ltr'>filio</span> <span class='ocrx_word' id='word_1_103' title='bbox 717 2007 794 2074; x_wconf 85' lang='lat' dir='ltr'>Ellae</span> <span class='ocrx_word' id='word_1_104' title='bbox 827 2031 964 2095; x_wconf 86' lang='lat' dir='ltr'>regnum</span> <span class='ocrx_word' id='word_1_105' title='bbox 995 2009 1123 2073; x_wconf 85' lang='lat' dir='ltr'>dimisit.</span> <span class='ocrx_word' id='word_1_106' title='bbox 1171 2007 1235 2072; x_wconf 91' lang='lat' dir='ltr'>Hic</span> <span class='ocrx_word' id='word_1_107' title='bbox 1257 2022 1306 2072; x_wconf 84' lang='lat' dir='ltr'>est</span> <span class='ocrx_word' id='word_1_108' title='bbox 1329 2005 1393 2072; x_wconf 90' lang='lat' dir='ltr'>Ed-</span> 
     </span>
     <span class='ocr_line' id='line_1_15' title="bbox 344 2118 1393 2208; baseline 0.001 -24"><span class='ocrx_word' id='word_1_109' title='bbox 344 2121 445 2186; x_wconf 88' lang='lat' dir='ltr'>winus</span> <span class='ocrx_word' id='word_1_110' title='bbox 461 2122 525 2205; x_wconf 91' lang='lat' dir='ltr'>qui,</span> <span class='ocrx_word' id='word_1_111' title='bbox 542 2120 733 2205; x_wconf 73' lang='lat' dir='ltr'>praedicante</span> <span class='ocrx_word' id='word_1_112' title='bbox 749 2118 885 2184; x_wconf 92' lang='lat' dir='ltr'>Paulino</span> <span class='ocrx_word' id='word_1_113' title='bbox 907 2119 1101 2185; x_wconf 89' lang='lat' dir='ltr'>Eboracensi</span> <span class='ocrx_word' id='word_1_114' title='bbox 1115 2120 1276 2208; x_wconf 89' lang='lat' dir='ltr'>episcopo,</span> <span class='ocrx_word' id='word_1_115' title='bbox 1291 2120 1393 2204; x_wconf 88' lang='lat' dir='ltr'>primo</span> 
     </span>
     <span class='ocr_line' id='line_1_16' title="bbox 343 2231 1394 2320; baseline -0.002 -22"><span class='ocrx_word' id='word_1_116' title='bbox 343 2232 440 2299; x_wconf 87' lang='lat' dir='ltr'>fidem</span> <span class='ocrx_word' id='word_1_117' title='bbox 466 2233 587 2298; x_wconf 80' lang='lat' dir='ltr'>Christi</span> <span class='ocrx_word' id='word_1_118' title='bbox 608 2233 757 2320; x_wconf 87' lang='lat' dir='ltr'>suscepit,</span> <span class='ocrx_word' id='word_1_119' title='bbox 781 2245 813 2297; x_wconf 91' lang='lat' dir='ltr'>et</span> <span class='ocrx_word' id='word_1_120' title='bbox 835 2232 875 2297; x_wconf 90' lang='lat' dir='ltr'>ab</span> <span class='ocrx_word' id='word_1_121' title='bbox 898 2231 1012 2297; x_wconf 90' lang='lat' dir='ltr'>eodem</span> <span class='ocrx_word' id='word_1_122' title='bbox 1034 2232 1211 2320; x_wconf 87' lang='lat' dir='ltr'>baptizatus</span> <span class='ocrx_word' id='word_1_123' title='bbox 1233 2237 1327 2297; x_wconf 82' lang='lat' dir='ltr'>est*</span> <span class='ocrx_word' id='word_1_124' title='bbox 1350 2233 1394 2298; x_wconf 93' lang='lat' dir='ltr'>Et</span> 
     </span>
     <span class='ocr_line' id='line_1_17' title="bbox 344 2341 1393 2430; baseline -0.002 -22"><span class='ocrx_word' id='word_1_125' title='bbox 344 2344 575 2430; x_wconf 88' lang='lat' dir='ltr'>Ethelburgam</span> <span class='ocrx_word' id='word_1_126' title='bbox 604 2343 703 2407; x_wconf 92' lang='lat' dir='ltr'>filiam</span> <span class='ocrx_word' id='word_1_127' title='bbox 735 2344 819 2430; x_wconf 86' lang='lat' dir='ltr'>regis</span> <span class='ocrx_word' id='word_1_128' title='bbox 853 2341 1041 2421; x_wconf 88' lang='lat' dir='ltr'>Ethelberti,</span> <span class='ocrx_word' id='word_1_129' title='bbox 1065 2366 1203 2409; x_wconf 88' lang='lat' dir='ltr'>sororem</span> <span class='ocrx_word' id='word_1_130' title='bbox 1238 2342 1393 2410; x_wconf 88' lang='lat' dir='ltr'>Eadbaldi</span> 
     </span>
     <span class='ocr_line' id='line_1_18' title="bbox 343 2433 1394 2544; baseline -0.002 -23"><span class='ocrx_word' id='word_1_131' title='bbox 343 2457 427 2543; x_wconf 81' lang='lat' dir='ltr'>regis</span> <span class='ocrx_word' id='word_1_132' title='bbox 457 2457 588 2534; x_wconf 90' lang='lat' dir='ltr'>Cantiae,</span> <span class='ocrx_word' id='word_1_133' title='bbox 614 2456 752 2542; x_wconf 88' lang='lat' dir='ltr'>suscepit</span> <span class='ocrx_word' id='word_1_134' title='bbox 782 2477 913 2520; x_wconf 88' lang='lat' dir='ltr'>uxorem</span> <span class='ocrx_word' id='word_1_135' title='bbox 923 2482 933 2535; x_wconf 81' lang='lat'>3</span> <span class='ocrx_word' id='word_1_136' title='bbox 964 2433 1070 2540; x_wconf 79' lang='lat' dir='ltr'>sicque</span> <span class='ocrx_word' id='word_1_137' title='bbox 1100 2455 1251 2543; x_wconf 88' lang='lat' dir='ltr'>deinceps</span> <span class='ocrx_word' id='word_1_138' title='bbox 1279 2471 1394 2544; x_wconf 87' lang='lat' dir='ltr'>praeter</span> 
     </span>
     <span class='ocr_line' id='line_1_19' title="bbox 344 2567 1392 2657; baseline 0.001 -23"><span class='ocrx_word' id='word_1_139' title='bbox 344 2567 547 2634; x_wconf 86' lang='lat' dir='ltr'>Cautuaritas</span> <span class='ocrx_word' id='word_1_140' title='bbox 560 2567 740 2655; x_wconf 80' lang='lat' dir='ltr'>subjugavit</span> <span class='ocrx_word' id='word_1_141' title='bbox 755 2570 927 2647; x_wconf 89' lang='lat' dir='ltr'>universos,</span> <span class='ocrx_word' id='word_1_142' title='bbox 944 2584 979 2633; x_wconf 91' lang='lat' dir='ltr'>ut</span> <span class='ocrx_word' id='word_1_143' title='bbox 994 2592 1108 2642; x_wconf 83' lang='lat' dir='ltr'>omnes</span> <span class='ocrx_word' id='word_1_144' title='bbox 1126 2568 1299 2635; x_wconf 83' lang='lat' dir='ltr'>Britanniae</span> <span class='ocrx_word' id='word_1_145' title='bbox 1321 2593 1392 2657; x_wconf 93' lang='lat' dir='ltr'>pro-</span> 
     </span>
     <span class='ocr_line' id='line_1_20' title="bbox 343 2679 1394 2768; baseline 0.001 -23"><span class='ocrx_word' id='word_1_146' title='bbox 343 2681 457 2746; x_wconf 85' lang='lat' dir='ltr'>vinciae</span> <span class='ocrx_word' id='word_1_147' title='bbox 479 2679 655 2746; x_wconf 86' lang='lat' dir='ltr'>adnutum</span> <span class='ocrx_word' id='word_1_148' title='bbox 679 2680 764 2745; x_wconf 85' lang='lat' dir='ltr'>illius</span> <span class='ocrx_word' id='word_1_149' title='bbox 786 2695 975 2768; x_wconf 88' lang='lat' dir='ltr'>spectarent.</span> <span class='ocrx_word' id='word_1_150' title='bbox 1022 2680 1264 2747; x_wconf 89' lang='lat' dir='ltr'>Rebellantibus</span> <span class='ocrx_word' id='word_1_151' title='bbox 1286 2697 1394 2747; x_wconf 91' lang='lat' dir='ltr'>autem</span> 
     </span>
     <span class='ocr_line' id='line_1_21' title="bbox 345 2793 1393 2882; baseline -0.002 -22"><span class='ocrx_word' id='word_1_152' title='bbox 345 2793 504 2860; x_wconf 87' lang='lat' dir='ltr'>Ccdwalla</span> <span class='ocrx_word' id='word_1_153' title='bbox 520 2793 689 2860; x_wconf 91' lang='lat' dir='ltr'>Britonum</span> <span class='ocrx_word' id='word_1_154' title='bbox 704 2816 789 2882; x_wconf 81' lang='lat' dir='ltr'>rege,</span> <span class='ocrx_word' id='word_1_155' title='bbox 807 2816 902 2880; x_wconf 88' lang='lat' dir='ltr'>quem</span> <span class='ocrx_word' id='word_1_156' title='bbox 919 2794 1046 2878; x_wconf 89' lang='lat' dir='ltr'>quidam</span> <span class='ocrx_word' id='word_1_157' title='bbox 1063 2793 1296 2861; x_wconf 88' lang='lat' dir='ltr'>Cadvvallonem</span> <span class='ocrx_word' id='word_1_158' title='bbox 1313 2817 1393 2859; x_wconf 89' lang='lat' dir='ltr'>nun-</span> 
     </span>
     <span class='ocr_line' id='line_1_22' title="bbox 345 2904 1394 2995; baseline 0.001 -24"><span class='ocrx_word' id='word_1_159' title='bbox 345 2922 474 2994; x_wconf 88' lang='lat' dir='ltr'>cupant,</span> <span class='ocrx_word' id='word_1_160' title='bbox 491 2921 523 2972; x_wconf 90' lang='lat' dir='ltr'>et</span> <span class='ocrx_word' id='word_1_161' title='bbox 537 2904 649 2971; x_wconf 89' lang='lat' dir='ltr'>Peuda</span> <span class='ocrx_word' id='word_1_162' title='bbox 669 2904 864 2969; x_wconf 90' lang='lat' dir='ltr'>Merciorum</span> <span class='ocrx_word' id='word_1_163' title='bbox 888 2928 972 2992; x_wconf 85' lang='lat' dir='ltr'>rege,</span> <span class='ocrx_word' id='word_1_164' title='bbox 989 2929 1073 2970; x_wconf 89' lang='lat' dir='ltr'>anno</span> <span class='ocrx_word' id='word_1_165' title='bbox 1088 2907 1178 2994; x_wconf 83' lang='lat' dir='ltr'>regni</span> <span class='ocrx_word' id='word_1_166' title='bbox 1194 2909 1243 2972; x_wconf 94' lang='lat' dir='ltr'>sui</span> <span class='ocrx_word' id='word_1_167' title='bbox 1258 2909 1394 2995; x_wconf 88' lang='lat' dir='ltr'>septimo</span> 
     </span>
     <span class='ocr_line' id='line_1_23' title="bbox 344 3014 1394 3114; baseline 0.002 -32"><span class='ocrx_word' id='word_1_168' title='bbox 344 3017 479 3095; x_wconf 90' lang='lat' dir='ltr'>decimo,</span> <span class='ocrx_word' id='word_1_169' title='bbox 496 3017 597 3082; x_wconf 87' lang='lat' dir='ltr'>aetatis</span> <span class='ocrx_word' id='word_1_170' title='bbox 612 3038 687 3080; x_wconf 91' lang='lat' dir='ltr'>vero</span> <span class='ocrx_word' id='word_1_171' title='bbox 702 3014 943 3101; x_wconf 72' lang='lat' dir='ltr'>quadragesimo</span> <span class='ocrx_word' id='word_1_172' title='bbox 966 3029 1077 3080; x_wconf 89' lang='lat' dir='ltr'>octavo</span> <span class='ocrx_word' id='word_1_173' title='bbox 1099 3039 1156 3114; x_wconf 76' lang='lat' dir='ltr'>rex</span> <span class='ocrx_word' id='word_1_174' title='bbox 1171 3017 1325 3083; x_wconf 89' lang='lat' dir='ltr'>Edwiuus</span> <span class='ocrx_word' id='word_1_175' title='bbox 1341 3041 1394 3084; x_wconf 93' lang='lat' dir='ltr'>oc-</span> 
     </span>
     <span class='ocr_line' id='line_1_24' title="bbox 344 3127 1186 3214; baseline -0.001 -20"><span class='ocrx_word' id='word_1_176' title='bbox 344 3129 427 3194; x_wconf 90' lang='lat' dir='ltr'>cisus</span> <span class='ocrx_word' id='word_1_177' title='bbox 450 3142 515 3206; x_wconf 84' lang='lat' dir='ltr'>cst3</span> <span class='ocrx_word' id='word_1_178' title='bbox 538 3128 646 3213; x_wconf 88' lang='lat' dir='ltr'>sicque</span> <span class='ocrx_word' id='word_1_179' title='bbox 661 3127 810 3192; x_wconf 89' lang='lat' dir='ltr'>successit</span> <span class='ocrx_word' id='word_1_180' title='bbox 824 3129 858 3192; x_wconf 93' lang='lat' dir='ltr'>in</span> <span class='ocrx_word' id='word_1_181' title='bbox 875 3149 1010 3214; x_wconf 82' lang='lat' dir='ltr'>reguum</span> <span class='ocrx_word' id='word_1_182' title='bbox 1025 3142 1152 3193; x_wconf 89' lang='lat' dir='ltr'>sanctus</span> <span class='ocrx_word' id='word_1_183' title='bbox 1169 3134 1186 3212; x_wconf 87' lang='lat'>‡</span> 
     </span>
    </p>

    <p class='ocr_par' dir='ltr' id='par_1_5' title="bbox 387 3240 1393 3325">
     <span class='ocr_line' id='line_1_25' title="bbox 387 3240 1393 3325; baseline 0.001 -19"><span class='ocrx_word' id='word_1_184' title='bbox 387 3242 444 3307; x_wconf 82' lang='lat' dir='ltr'>VI.</span> <span class='ocrx_word' id='word_1_185' title='bbox 470 3240 645 3318; x_wconf 82' lang='lat' dir='ltr'>oswaldus,</span> <span class='ocrx_word' id='word_1_186' title='bbox 662 3241 716 3325; x_wconf 91' lang='lat' dir='ltr'>qui</span> <span class='ocrx_word' id='word_1_187' title='bbox 738 3263 837 3325; x_wconf 90' lang='lat' dir='ltr'>quum</span> <span class='ocrx_word' id='word_1_188' title='bbox 862 3254 967 3305; x_wconf 89' lang='lat' dir='ltr'>erecta</span> <span class='ocrx_word' id='word_1_189' title='bbox 991 3241 1092 3305; x_wconf 86' lang='lat' dir='ltr'>Cruce</span> <span class='ocrx_word' id='word_1_190' title='bbox 1117 3241 1286 3307; x_wconf 87' lang='lat' dir='ltr'>Dominica</span> <span class='ocrx_word' id='word_1_191' title='bbox 1310 3242 1393 3307; x_wconf 90' lang='lat' dir='ltr'>Brit-</span> 
     </span>
    </p>
   </div>
   <div class='ocr_carea' id='block_1_3' title="bbox 342 3352 1395 3442">
    <p class='ocr_par' dir='ltr' id='par_1_6' title="bbox 342 3352 1395 3442">
     <span class='ocr_line' id='line_1_26' title="bbox 342 3352 1395 3442; baseline 0 -22"><span class='ocrx_word' id='word_1_192' title='bbox 342 3378 441 3420; x_wconf 85' lang='lat' dir='ltr'>onum</span> <span class='ocrx_word' id='word_1_193' title='bbox 463 3378 571 3442; x_wconf 87' lang='lat' dir='ltr'>regem</span> <span class='ocrx_word' id='word_1_194' title='bbox 604 3352 799 3419; x_wconf 87' lang='lat' dir='ltr'>Ccdwallam</span> <span class='ocrx_word' id='word_1_195' title='bbox 832 3353 1007 3430; x_wconf 89' lang='lat' dir='ltr'>occidisset,</span> <span class='ocrx_word' id='word_1_196' title='bbox 1033 3355 1164 3440; x_wconf 90' lang='lat' dir='ltr'>ejusque</span> <span class='ocrx_word' id='word_1_197' title='bbox 1196 3356 1395 3420; x_wconf 88' lang='lat' dir='ltr'>contrivisset</span> 
     </span>
    </p>
   </div>
   <div class='ocr_carea' id='block_1_4' title="bbox 346 3458 582 3466">
    <p class='ocr_par' dir='ltr' id='par_1_7' title="bbox 346 3458 582 3466">
     <span class='ocr_line' id='line_1_27' title="bbox 346 3458 582 3466; baseline 0 0"><span class='ocrx_word' id='word_1_198' title='bbox 346 3458 565 3466; x_wconf 72' lang='lat'>——--——..----</span> <span class='ocrx_word' id='word_1_199' title='bbox 573 3461 582 3465; x_wconf 88' lang='lat'>-</span> 
     </span>
    </p>
   </div>
   <div class='ocr_carea' id='block_1_5' title="bbox 342 3485 1396 4274">
    <p class='ocr_par' dir='ltr' id='par_1_8' title="bbox 342 3485 1395 3670">
     <span class='ocr_line' id='line_1_28' title="bbox 370 3485 1393 3537; baseline 0.003 -12"><span class='ocrx_word' id='word_1_200' title='bbox 370 3488 381 3537; x_wconf 65' lang='grc' dir='ltr'><strong>ς</strong></span> <span class='ocrx_word' id='word_1_201' title='bbox 399 3485 422 3526; x_wconf 81' lang='grc' dir='ltr'>Α.</span> <span class='ocrx_word' id='word_1_202' title='bbox 432 3487 459 3526; x_wconf 88' lang='lat' dir='ltr'>D.</span> <span class='ocrx_word' id='word_1_203' title='bbox 468 3488 513 3528; x_wconf 85' lang='grc'><strong>617.</strong></span> <span class='ocrx_word' id='word_1_204' title='bbox 528 3488 541 3508; x_wconf 88' lang='grc'>“</span> <span class='ocrx_word' id='word_1_205' title='bbox 548 3485 601 3525; x_wconf 87' lang='lat' dir='ltr'>This</span> <span class='ocrx_word' id='word_1_206' title='bbox 609 3496 659 3535; x_wconf 81' lang='lat' dir='ltr'>year</span> <span class='ocrx_word' id='word_1_207' title='bbox 667 3495 710 3525; x_wconf 81' lang='lat' dir='ltr'>vas</span> <span class='ocrx_word' id='word_1_208' title='bbox 720 3485 844 3532; x_wconf 87' lang='lat' dir='ltr'>Ethelirith,</span> <span class='ocrx_word' id='word_1_209' title='bbox 854 3485 907 3533; x_wconf 76' lang='lat' dir='ltr'>king</span> <span class='ocrx_word' id='word_1_210' title='bbox 915 3485 982 3524; x_wconf 83' lang='lat' dir='ltr'>nithe</span> <span class='ocrx_word' id='word_1_211' title='bbox 991 3485 1179 3532; x_wconf 80' lang='lat' dir='ltr'>Nerthumbrians‚</span> <span class='ocrx_word' id='word_1_212' title='bbox 1189 3487 1243 3527; x_wconf 80' lang='lat' dir='ltr'>elain</span> <span class='ocrx_word' id='word_1_213' title='bbox 1253 3489 1280 3536; x_wconf 84' lang='lat' dir='ltr'>by</span> <span class='ocrx_word' id='word_1_214' title='bbox 1289 3489 1393 3528; x_wconf 82' lang='lat' dir='ltr'>Redvairi</span> 
     </span>
     <span class='ocr_line' id='line_1_29' title="bbox 342 3552 1395 3604; baseline 0.001 -10"><span class='ocrx_word' id='word_1_215' title='bbox 342 3555 396 3604; x_wconf 74' lang='lat' dir='ltr'>king</span> <span class='ocrx_word' id='word_1_216' title='bbox 404 3553 427 3593; x_wconf 86' lang='lat' dir='ltr'>oi</span> <span class='ocrx_word' id='word_1_217' title='bbox 433 3555 469 3594; x_wconf 87' lang='lat' dir='ltr'>the</span> <span class='ocrx_word' id='word_1_218' title='bbox 478 3554 631 3602; x_wconf 55' lang='lat' dir='ltr'>uass-Angue</span> <span class='ocrx_word' id='word_1_219' title='bbox 646 3553 688 3593; x_wconf 86' lang='lat' dir='ltr'>arrd</span> <span class='ocrx_word' id='word_1_220' title='bbox 698 3553 782 3597; x_wconf 83' lang='lat' dir='ltr'>Edwin,</span> <span class='ocrx_word' id='word_1_221' title='bbox 792 3553 828 3591; x_wconf 87' lang='lat' dir='ltr'>tire</span> <span class='ocrx_word' id='word_1_222' title='bbox 838 3563 878 3592; x_wconf 88' lang='lat' dir='ltr'>son</span> <span class='ocrx_word' id='word_1_223' title='bbox 887 3553 910 3591; x_wconf 90' lang='lat' dir='ltr'>oi</span> <span class='ocrx_word' id='word_1_224' title='bbox 916 3553 971 3598; x_wconf 85' lang='lat' dir='ltr'>Elia,</span> <span class='ocrx_word' id='word_1_225' title='bbox 980 3552 1062 3601; x_wconf 79' lang='lat' dir='ltr'>having</span> <span class='ocrx_word' id='word_1_226' title='bbox 1071 3553 1187 3592; x_wconf 86' lang='lat' dir='ltr'>succeeded</span> <span class='ocrx_word' id='word_1_227' title='bbox 1196 3557 1218 3594; x_wconf 89' lang='lat' dir='ltr'>to</span> <span class='ocrx_word' id='word_1_228' title='bbox 1226 3555 1263 3594; x_wconf 89' lang='lat' dir='ltr'>the</span> <span class='ocrx_word' id='word_1_229' title='bbox 1269 3554 1395 3604; x_wconf 78' lang='lat' dir='ltr'>kingdome,</span> 
     </span>
     <span class='ocr_line' id='line_1_30' title="bbox 344 3619 1133 3670; baseline -0.001 -10"><span class='ocrx_word' id='word_1_230' title='bbox 344 3622 443 3661; x_wconf 80' lang='lat' dir='ltr'>subducti</span> <span class='ocrx_word' id='word_1_231' title='bbox 449 3622 479 3660; x_wconf 88' lang='lat' dir='ltr'>all</span> <span class='ocrx_word' id='word_1_232' title='bbox 488 3621 578 3666; x_wconf 84' lang='lat' dir='ltr'>Britain,</span> <span class='ocrx_word' id='word_1_233' title='bbox 587 3623 664 3670; x_wconf 81' lang='lat' dir='ltr'>except</span> <span class='ocrx_word' id='word_1_234' title='bbox 672 3621 764 3659; x_wconf 78' lang='lat' dir='ltr'>tharnen</span> <span class='ocrx_word' id='word_1_235' title='bbox 773 3621 796 3659; x_wconf 90' lang='lat' dir='ltr'>oi</span> <span class='ocrx_word' id='word_1_236' title='bbox 804 3619 950 3660; x_wconf 87' lang='lat' dir='ltr'>Kentalone.‘¹</span> <span class='ocrx_word' id='word_1_237' title='bbox 977 3620 1032 3658; x_wconf 72' lang='lat' dir='ltr'>Sex.</span> <span class='ocrx_word' id='word_1_238' title='bbox 1042 3621 1133 3659; x_wconf 74' lang='lat' dir='ltr'>curor.</span> 
     </span>
    </p>

    <p class='ocr_par' dir='ltr' id='par_1_9' title="bbox 342 3687 1396 4144">
     <span class='ocr_line' id='line_1_31' title="bbox 370 3687 1395 3736; baseline 0.005 -9"><span class='ocrx_word' id='word_1_239' title='bbox 370 3691 382 3713; x_wconf 78' lang='lat'><strong>¹</strong></span> <span class='ocrx_word' id='word_1_240' title='bbox 403 3688 487 3727; x_wconf 80' lang='lat' dir='ltr'>“Anno</span> <span class='ocrx_word' id='word_1_241' title='bbox 505 3688 638 3734; x_wconf 83' lang='lat' dir='ltr'>DCXXVII,</span> <span class='ocrx_word' id='word_1_242' title='bbox 651 3687 733 3736; x_wconf 85' lang='lat' dir='ltr'>accepit</span> <span class='ocrx_word' id='word_1_243' title='bbox 756 3698 794 3726; x_wconf 82' lang='lat' dir='ltr'>rex</span> <span class='ocrx_word' id='word_1_244' title='bbox 810 3687 921 3732; x_wconf 84' lang='lat' dir='ltr'>Edwinus,</span> <span class='ocrx_word' id='word_1_245' title='bbox 937 3697 987 3725; x_wconf 92' lang='lat' dir='ltr'>cum</span> <span class='ocrx_word' id='word_1_246' title='bbox 1000 3688 1085 3726; x_wconf 84' lang='lat' dir='ltr'>cunctis</span> <span class='ocrx_word' id='word_1_247' title='bbox 1098 3688 1168 3736; x_wconf 75' lang='lat' dir='ltr'>gentis</span> <span class='ocrx_word' id='word_1_248' title='bbox 1181 3699 1228 3729; x_wconf 83' lang='lat' dir='ltr'>sure</span> <span class='ocrx_word' id='word_1_249' title='bbox 1242 3690 1355 3731; x_wconf 80' lang='lat' dir='ltr'>Nobilibus</span> <span class='ocrx_word' id='word_1_250' title='bbox 1372 3704 1395 3732; x_wconf 86' lang='lat' dir='ltr'>ac</span> 
     </span>
     <span class='ocr_line' id='line_1_32' title="bbox 342 3754 1395 3810; baseline 0.005 -15"><span class='ocrx_word' id='word_1_251' title='bbox 342 3757 404 3807; x_wconf 88' lang='lat' dir='ltr'>plebe</span> <span class='ocrx_word' id='word_1_252' title='bbox 412 3755 549 3804; x_wconf 87' lang='lat' dir='ltr'>perplurima,</span> <span class='ocrx_word' id='word_1_253' title='bbox 561 3754 628 3794; x_wconf 80' lang='lat' dir='ltr'>fldem</span> <span class='ocrx_word' id='word_1_254' title='bbox 642 3757 664 3794; x_wconf 92' lang='lat' dir='ltr'>et</span> <span class='ocrx_word' id='word_1_255' title='bbox 678 3755 786 3810; x_wconf 72' lang='lat' dir='ltr'>lavacrum</span> <span class='ocrx_word' id='word_1_256' title='bbox 800 3758 881 3794; x_wconf 73' lang='lat' dir='ltr'>sancta</span> <span class='ocrx_word' id='word_1_257' title='bbox 895 3755 1067 3803; x_wconf 78' lang='lat' dir='ltr'>regenerationis,</span> <span class='ocrx_word' id='word_1_258' title='bbox 1076 3767 1133 3795; x_wconf 88' lang='lat' dir='ltr'>anuo</span> <span class='ocrx_word' id='word_1_259' title='bbox 1146 3757 1207 3804; x_wconf 75' lang='lat' dir='ltr'>regni</span> <span class='ocrx_word' id='word_1_260' title='bbox 1220 3759 1255 3798; x_wconf 87' lang='lat' dir='ltr'>sui</span> <span class='ocrx_word' id='word_1_261' title='bbox 1263 3761 1377 3800; x_wconf 86' lang='lat' dir='ltr'>undecimo</span> <span class='ocrx_word' id='word_1_262' title='bbox 1391 3776 1395 3808; x_wconf 86' lang='lat'>;</span> 
     </span>
     <span class='ocr_line' id='line_1_33' title="bbox 344 3822 1391 3876; baseline 0.004 -12"><span class='ocrx_word' id='word_1_263' title='bbox 344 3825 371 3864; x_wconf 88' lang='lat' dir='ltr'>ab</span> <span class='ocrx_word' id='word_1_264' title='bbox 377 3824 473 3863; x_wconf 85' lang='lat' dir='ltr'>adventu</span> <span class='ocrx_word' id='word_1_265' title='bbox 481 3823 602 3871; x_wconf 71' lang='lat' dir='ltr'>anglorum</span> <span class='ocrx_word' id='word_1_266' title='bbox 608 3823 631 3862; x_wconf 92' lang='lat' dir='ltr'>in</span> <span class='ocrx_word' id='word_1_267' title='bbox 637 3823 772 3863; x_wconf 86' lang='lat' dir='ltr'>Britanniam</span> <span class='ocrx_word' id='word_1_268' title='bbox 779 3833 849 3862; x_wconf 84' lang='lat' dir='ltr'>annus</span> <span class='ocrx_word' id='word_1_269' title='bbox 858 3822 942 3861; x_wconf 86' lang='lat' dir='ltr'>circiter</span> <span class='ocrx_word' id='word_1_270' title='bbox 948 3823 1079 3862; x_wconf 87' lang='lat' dir='ltr'>centesimus</span> <span class='ocrx_word' id='word_1_271' title='bbox 1088 3825 1239 3873; x_wconf 77' lang='lat' dir='ltr'>octogesimus.</span> <span class='ocrx_word' id='word_1_272' title='bbox 1265 3828 1391 3876; x_wconf 76' lang='lat' dir='ltr'>Baptizatur</span> 
     </span>
     <span class='ocr_line' id='line_1_34' title="bbox 342 3890 1396 3944; baseline 0.004 -13"><span class='ocrx_word' id='word_1_273' title='bbox 342 3894 375 3931; x_wconf 90' lang='lat' dir='ltr'>est</span> <span class='ocrx_word' id='word_1_274' title='bbox 384 3895 457 3930; x_wconf 82' lang='lat' dir='ltr'>autem</span> <span class='ocrx_word' id='word_1_275' title='bbox 466 3891 570 3931; x_wconf 70' lang='lat' dir='ltr'>libandis</span> <span class='ocrx_word' id='word_1_276' title='bbox 580 3892 601 3930; x_wconf 88' lang='lat' dir='ltr'>S.</span> <span class='ocrx_word' id='word_1_277' title='bbox 609 3890 677 3937; x_wconf 77' lang='lat' dir='ltr'>Pasa,</span> <span class='ocrx_word' id='word_1_278' title='bbox 686 3900 717 3939; x_wconf 90' lang='lat' dir='ltr'>pr.</span> <span class='ocrx_word' id='word_1_279' title='bbox 727 3890 760 3929; x_wconf 86' lang='lat' dir='ltr'>Id.</span> <span class='ocrx_word' id='word_1_280' title='bbox 769 3890 816 3938; x_wconf 78' lang='lat' dir='ltr'>Ap,</span> <span class='ocrx_word' id='word_1_281' title='bbox 826 3893 847 3930; x_wconf 88' lang='lat' dir='ltr'>et</span> <span class='ocrx_word' id='word_1_282' title='bbox 854 3890 875 3929; x_wconf 88' lang='lat' dir='ltr'>in</span> <span class='ocrx_word' id='word_1_283' title='bbox 883 3891 972 3930; x_wconf 86' lang='lat' dir='ltr'>ecclesia</span> <span class='ocrx_word' id='word_1_284' title='bbox 983 3891 1004 3930; x_wconf 85' lang='lat' dir='ltr'>S.</span> <span class='ocrx_word' id='word_1_285' title='bbox 1015 3890 1062 3931; x_wconf 80' lang='lat' dir='ltr'>Pet.</span> <span class='ocrx_word' id='word_1_286' title='bbox 1072 3891 1154 3940; x_wconf 77' lang='lat' dir='ltr'>Aposr,</span> <span class='ocrx_word' id='word_1_287' title='bbox 1161 3897 1183 3932; x_wconf 90' lang='lat' dir='ltr'>et</span> <span class='ocrx_word' id='word_1_288' title='bbox 1191 3904 1255 3942; x_wconf 86' lang='lat' dir='ltr'>quam</span> <span class='ocrx_word' id='word_1_289' title='bbox 1264 3895 1341 3934; x_wconf 88' lang='lat' dir='ltr'>ibidem</span> <span class='ocrx_word' id='word_1_290' title='bbox 1351 3897 1396 3944; x_wconf 86' lang='lat' dir='ltr'>ipse</span> 
     </span>
     <span class='ocr_line' id='line_1_35' title="bbox 344 3958 1395 4012; baseline 0.001 -11"><span class='ocrx_word' id='word_1_291' title='bbox 344 3961 371 4001; x_wconf 83' lang='lat' dir='ltr'>de</span> <span class='ocrx_word' id='word_1_292' title='bbox 379 3960 439 4009; x_wconf 76' lang='lat' dir='ltr'>ligno</span> <span class='ocrx_word' id='word_1_293' title='bbox 447 3961 485 4000; x_wconf 90' lang='lat' dir='ltr'>ubi</span> <span class='ocrx_word' id='word_1_294' title='bbox 492 3959 659 4000; x_wconf 78' lang='lat' dir='ltr'>catechizaretur</span> <span class='ocrx_word' id='word_1_295' title='bbox 666 3963 731 4009; x_wconf 82' lang='lat' dir='ltr'>atque</span> <span class='ocrx_word' id='word_1_296' title='bbox 739 3959 765 3998; x_wconf 85' lang='lat' dir='ltr'>ad</span> <span class='ocrx_word' id='word_1_297' title='bbox 772 3958 932 4008; x_wconf 86' lang='lat' dir='ltr'>percipiendum</span> <span class='ocrx_word' id='word_1_298' title='bbox 941 3959 1047 4007; x_wconf 83' lang='lat' dir='ltr'>baptisma</span> <span class='ocrx_word' id='word_1_299' title='bbox 1054 3960 1193 4008; x_wconf 85' lang='lat' dir='ltr'>imbueretur,</span> <span class='ocrx_word' id='word_1_300' title='bbox 1202 3963 1266 4002; x_wconf 84' lang='lat' dir='ltr'>citato</span> <span class='ocrx_word' id='word_1_301' title='bbox 1274 3973 1336 4012; x_wconf 87' lang='lat' dir='ltr'>opere</span> <span class='ocrx_word' id='word_1_302' title='bbox 1343 3973 1395 4002; x_wconf 86' lang='lat' dir='ltr'>con-</span> 
     </span>
     <span class='ocr_line' id='line_1_36' title="bbox 342 4027 1391 4080; baseline 0.001 -11"><span class='ocrx_word' id='word_1_303' title='bbox 342 4029 436 4070; x_wconf 81' lang='lat' dir='ltr'>struxit:</span> <span class='ocrx_word' id='word_1_304' title='bbox 451 4029 473 4068; x_wconf 92' lang='lat' dir='ltr'>in</span> <span class='ocrx_word' id='word_1_305' title='bbox 486 4039 529 4077; x_wconf 82' lang='lat' dir='ltr'>qua</span> <span class='ocrx_word' id='word_1_306' title='bbox 536 4029 601 4067; x_wconf 85' lang='lat' dir='ltr'>etiam</span> <span class='ocrx_word' id='word_1_307' title='bbox 610 4029 698 4067; x_wconf 85' lang='lat' dir='ltr'>civitate</span> <span class='ocrx_word' id='word_1_308' title='bbox 704 4027 747 4076; x_wconf 94' lang='lat' dir='ltr'>ipsi</span> <span class='ocrx_word' id='word_1_309' title='bbox 760 4027 840 4067; x_wconf 89' lang='lat' dir='ltr'>doctori</span> <span class='ocrx_word' id='word_1_310' title='bbox 852 4030 916 4076; x_wconf 82' lang='lat' dir='ltr'>atque</span> <span class='ocrx_word' id='word_1_311' title='bbox 924 4028 1018 4068; x_wconf 86' lang='lat' dir='ltr'>autistiti</span> <span class='ocrx_word' id='word_1_312' title='bbox 1026 4039 1065 4068; x_wconf 88' lang='lat' dir='ltr'>suo</span> <span class='ocrx_word' id='word_1_313' title='bbox 1073 4029 1163 4070; x_wconf 85' lang='lat' dir='ltr'>Paulino</span> <span class='ocrx_word' id='word_1_314' title='bbox 1172 4031 1248 4070; x_wconf 78' lang='lat' dir='ltr'>Sedent</span> <span class='ocrx_word' id='word_1_315' title='bbox 1258 4031 1391 4080; x_wconf 81' lang='lat' dir='ltr'>episcopatus</span> 
     </span>
     <span class='ocr_line' id='line_1_37' title="bbox 342 4096 903 4144; baseline -0.004 -7"><span class='ocrx_word' id='word_1_316' title='bbox 342 4096 451 4138; x_wconf 87' lang='lat' dir='ltr'>donavit.”</span> <span class='ocrx_word' id='word_1_317' title='bbox 477 4097 621 4136; x_wconf 80' lang='lat' dir='ltr'>Wusrrou’s</span> <span class='ocrx_word' id='word_1_318' title='bbox 635 4097 694 4136; x_wconf 80' lang='lat' dir='ltr'>Ars.</span> <span class='ocrx_word' id='word_1_319' title='bbox 710 4096 761 4134; x_wconf 73' lang='lat' dir='ltr'>Suc.</span> <span class='ocrx_word' id='word_1_320' title='bbox 775 4106 796 4134; x_wconf 90' lang='lat' dir='ltr'>v.</span> <span class='ocrx_word' id='word_1_321' title='bbox 805 4096 823 4141; x_wconf 89' lang='lat'>1,</span> <span class='ocrx_word' id='word_1_322' title='bbox 831 4106 851 4144; x_wconf 91' lang='lat' dir='ltr'>p.</span> <span class='ocrx_word' id='word_1_323' title='bbox 861 4097 903 4135; x_wconf 77' lang='lat' dir='ltr'>iot.</span> 
     </span>
    </p>

    <p class='ocr_par' dir='ltr' id='par_1_10' title="bbox 345 4163 1392 4274">
     <span class='ocr_line' id='line_1_38' title="bbox 367 4163 1392 4216; baseline 0.004 -12"><span class='ocrx_word' id='word_1_324' title='bbox 367 4166 379 4213; x_wconf 76' lang='lat' dir='ltr'>t</span> <span class='ocrx_word' id='word_1_325' title='bbox 394 4165 446 4204; x_wconf 87' lang='lat' dir='ltr'>This</span> <span class='ocrx_word' id='word_1_326' title='bbox 454 4165 520 4205; x_wconf 88' lang='lat' dir='ltr'>battle</span> <span class='ocrx_word' id='word_1_327' title='bbox 528 4173 572 4204; x_wconf 84' lang='lat' dir='ltr'>vas</span> <span class='ocrx_word' id='word_1_328' title='bbox 579 4166 656 4215; x_wconf 73' lang='lat' dir='ltr'>fought</span> <span class='ocrx_word' id='word_1_329' title='bbox 664 4176 692 4206; x_wconf 92' lang='lat' dir='ltr'>on</span> <span class='ocrx_word' id='word_1_330' title='bbox 708 4165 804 4206; x_wconf 78' lang='lat' dir='ltr'>Hatireid</span> <span class='ocrx_word' id='word_1_331' title='bbox 821 4163 920 4212; x_wconf 65' lang='lat' dir='ltr'>Moenia</span> <span class='ocrx_word' id='word_1_332' title='bbox 937 4164 1053 4206; x_wconf 82' lang='lat' dir='ltr'>Yorksbire</span> <span class='ocrx_word' id='word_1_333' title='bbox 1067 4177 1094 4206; x_wconf 88' lang='lat' dir='ltr'>on</span> <span class='ocrx_word' id='word_1_334' title='bbox 1101 4165 1138 4207; x_wconf 84' lang='lat' dir='ltr'>the</span> <span class='ocrx_word' id='word_1_335' title='bbox 1148 4165 1196 4208; x_wconf 82' lang='lat' dir='ltr'>litlr</span> <span class='ocrx_word' id='word_1_336' title='bbox 1204 4166 1228 4206; x_wconf 82' lang='lat' dir='ltr'>oi</span> <span class='ocrx_word' id='word_1_337' title='bbox 1244 4167 1392 4216; x_wconf 81' lang='lat' dir='ltr'>October,633.</span> 
     </span>
     <span class='ocr_line' id='line_1_39' title="bbox 345 4233 523 4274; baseline -0.011 0"><span class='ocrx_word' id='word_1_338' title='bbox 345 4235 424 4274; x_wconf 69' lang='lat' dir='ltr'>saxos</span> <span class='ocrx_word' id='word_1_339' title='bbox 433 4233 523 4274; x_wconf 75' lang='lat' dir='ltr'>curor.</span> 
     </span>
    </p>
   </div>
   <div class='ocr_carea' id='block_1_6' title="bbox 0 0 1610 5206">
    <p class='ocr_par' dir='ltr' id='par_1_11' title="bbox 0 0 1610 5206">
     <span class='ocr_line' id='line_1_40' title="bbox 0 0 1610 5206; baseline 0 0"><span class='ocrx_word' id='word_1_340' title='bbox 0 0 1610 5206; x_wconf 95' lang='lat' dir='ltr'> </span> 
     </span>
    </p>
   </div>
  </div>
 </body>
</html>
