3212 5206
668 441 794 496 nantuel
809 443 848 486 DE
860 443 1008 488 simum
1221 443 1391 492 [suanm.

655 643 709 711 De
732 631 958 712 Enumerare
977 667 1076 713 auen.

386 777 485 846 Anno
512 779 644 847 Domini
664 783 906 868 nongentesimo
927 784 1078 850 vicesimo
1098 793 1210 868 quarto
1233 782 1391 852 Ethelsta-

341 899 412 966 nu's,
429 888 513 956 tilius
529 889 688 970 Edwardi,
703 915 834 978 regnare
855 895 961 979 coepit,
976 907 1009 960 et
1024 894 1128 959 tenuit
1146 914 1281 980 reguum
1298 895 1391 960 anuis

340 1000 511 1080 sexdecim,
524 1015 693 1068 coronatus
707 1003 793 1088 apud
809 1003 1066 1091 Kingestoniam.
1081 1008 1094 1088 ΙΙ
1113 1003 1224 1070 Frater
1234 1004 1393 1088 siquidem

343 1112 487 1197 ejusdem
513 1112 698 1191 Edwardus,
715 1115 824 1201 paucis
844 1114 957 1180 diebus
982 1128 1053 1200 post
1075 1129 1198 1200 patrem
1220 1115 1286 1182 vita
1299 1114 1393 1180 dece-

342 1221 432 1299 dens,
447 1222 589 1307 sepultus
604 1237 652 1288 est
671 1245 744 1288 cnm
770 1223 884 1291 eodem
901 1223 1083 1290 Wintoniae.
1129 1225 1193 1292 Cui
1215 1223 1308 1294 Deus
1321 1238 1393 1290 tan-

342 1346 408 1400 tam
422 1334 559 1419 gratiam
573 1334 716 1400 conferre
735 1333 886 1421 diguatus
908 1349 967 1414 est,
983 1347 1020 1400 ut
1034 1347 1211 1403 mereretur
1228 1335 1269 1400 ab
1290 1355 1329 1400 eo
1342 1333 1395 1399 di·

348 1442 405 1528 ligi
419 1456 452 1506 et
466 1444 506 1516 ab
521 1443 703 1510 hominibus
718 1444 871 1512 venerari.
919 1443 985 1510 Hic
1001 1444 1066 1510 lere
1082 1445 1190 1510 omnia
1204 1444 1395 1511 monasteria

342 1553 472 1639 Angliae
501 1553 643 1622 aediliciis
671 1567 729 1620 aut
755 1556 948 1622 ornamentis
977 1567 1033 1620 ant
1061 1555 1149 1621 libris
1177 1567 1234 1620 aut
1266 1554 1395 1640 prediis

342 1663 519 1729 honorarit
551 1664 751 1731 Lewelinum
762 1687 871 1752 regem
881 1664 1090 1730 Walleusium
1101 1678 1134 1730 et
1146 1665 1393 1732 Constantinum

342 1796 451 1862 regem
465 1778 632 1842 Scotorum
648 1775 760 1842 celere
775 1776 882 1863 regnis
902 1774 1076 1862 computu
1100 1797 1179 1860 quos
1197 1787 1304 1843 tamen
1325 1797 1392 1842 uon

342 1884 446 1951 multo
461 1899 532 1972 post
546 1887 581 1952 in
596 1888 761 1972 antiquum
777 1900 894 1954 statum
904 1887 1006 1954 subse
1021 1899 1207 1974 regnaturos
1216 1885 1394 1962 constituit,

344 1993 455 2058 dicens
489 1994 655 2078 gloriosius
683 2019 751 2062 esse
780 2018 890 2081 regem
919 1996 1020 2060 iacere
1051 2018 1148 2080 quam
1176 2018 1285 2081 regem
1312 2017 1391 2060 esse.

344 2103 431 2170 Cum
463 2102 630 2171 Sicbtricio
654 2126 729 2191 rege
753 2104 1075 2172 Northenimbrorum
1099 2105 1204 2172 fedus
1229 2105 1394 2193 percussit,

342 2213 418 2281 data
432 2215 462 2280 ei
478 2215 513 2281 in
533 2215 783 2296 matrimonium,
799 2228 836 2282 ut
861 2215 1051 2301 praedictum
1066 2229 1124 2290 est,
1140 2239 1205 2288 uua
1224 2237 1266 2282 ex
1279 2217 1395 2282 sorori-

346 2325 406 2389 bus
420 2325 495 2390 suis.
542 2323 617 2400 Quo
631 2337 705 2411 post
725 2348 845 2392 annum
863 2340 997 2404 mortuo,
1013 2327 1210 2413 provinciam
1233 2327 1321 2397 illam
1335 2327 1397 2391 sibi

343 2435 478 2520 subegit,
508 2434 642 2521 expulso
665 2435 805 2522 quodam
834 2435 952 2504 Adulfo
981 2438 1036 2522 qui
1060 2437 1273 2508 rebellaverat.
1317 2437 1396 2506 Post

345 2545 550 2622 bochellum
565 2547 676 2613 babuit
692 2570 767 2615 cum
779 2547 923 2624 Analaro
938 2547 1004 2613 lilio
1020 2548 1189 2626 Siehtricii,
1204 2549 1331 2635 quispe
1346 2549 1397 2612 in·

343 2655 479 2722 radendi
494 2659 586 2744 regni
599 2680 673 2723 cum
688 2657 773 2726 dieto
791 2659 1003 2728 Constantino
1017 2657 1188 2727 rebellante
1200 2659 1318 2726 iterum
1334 2671 1398 2723 ter-

286 2798 291 2805 ·
344 2769 450 2833 minos
465 2771 639 2847 transierat,
656 2769 845 2838 Ethelstauo
860 2792 901 2836 ex
917 2769 1063 2837 consulto
1077 2769 1224 2850 cedente,
1236 2782 1273 2834 ut
1280 2767 1396 2854 glorio-

344 2879 410 2942 sius
425 2879 632 2964 insultantem
647 2879 798 2944 vinceret.
842 2882 887 2944 At
914 2880 1086 2957 Analevus,
1098 2881 1226 2966 juvenis
1251 2878 1397 2944 audacis-

344 2989 453 3064 simus,
466 3010 567 3071 quum
574 2995 699 3052 tentum
712 2988 889 3075 periculum
901 2989 1067 3052 imminere
1080 3002 1234 3066 cerneret,
1244 2989 1397 3075 depositis

344 3098 523 3184 insignibus
538 3097 642 3185 regiis,
667 3111 828 3186 assumpte
853 3099 887 3162 in
905 3121 1002 3162 mauu
1017 3098 1148 3177 cithara,
1164 3099 1205 3163 ad
1221 3101 1396 3164 tentorium

343 3211 428 3296 regis
439 3211 539 3276 nostri
549 3209 750 3297 progreditur
760 3237 770 3290 3
785 3211 841 3278 ubi
851 3231 952 3294 quum
964 3209 1147 3295 proforibus
1157 3206 1399 3296 psalleretinter

343 3323 492 3388 convivas
507 3335 556 3389 est
562 3321 728 3389 admissus.
775 3323 887 3394 Quum
902 3321 1070 3408 ingressus,
1087 3322 1173 3390 inter
1185 3320 1396 3408 psallendum,

341 3433 451 3498 omnia
472 3431 572 3496 oculis
587 3443 788 3508 scrutaretur,
811 3445 883 3516 poet
905 3429 1023 3495 edendi
1037 3431 1215 3495 satietatem
1229 3430 1316 3495 abire
1327 3431 1396 3516 jus·

341 3565 406 3618 sus,
426 3543 566 3628 pretium
586 3555 698 3607 centus
712 3542 833 3625 accepit
841 3567 851 3622 ς
873 3539 960 3624 quod
975 3554 1133 3626 asportare
1149 3540 1259 3604 nolens
1281 3542 1340 3605 sub
1360 3563 1393 3606 se

341 3653 376 3716 ln
398 3659 482 3718 'terra
499 3648 630 3716 defodit.
678 3649 811 3714 Notavit
824 3649 885 3715 hoc
909 3649 1050 3736 quidam,
1068 3650 1123 3732 qui
1145 3647 1222 3712 olim
1251 3648 1396 3718 Analavo

342 3762 540 3839 militaverat,
550 3768 584 3826 et
607 3753 795 3827 Ethelstano
809 3759 981 3824 nunciavit.
1029 3758 1102 3823 Hoc
1126 3778 1226 3844 quum
1245 3759 1396 3838 audisset,

369 3937 378 3984 n
394 3925 448 3983 'Vim
462 3939 488 3976 ab
497 3937 605 3983 Athelmo,
613 3935 772 3978 Dorobernensl
784 3933 896 3986 Episcopo.
922 3935 1021 3973 From-
1029 3937 1043 3956 ‘¹
1051 3935 1094 3977 Qut
1107 3934 1178 3975 Abbas
1191 3935 1319 3986 quandoque
1327 3936 1398 3980 tuerat

343 4001 537 4048 altitonensium
546 4001 661 4042 wellensis
669 4001 773 4041 Eccleslre
783 4000 865 4048 primur
882 4000 1014 4039 constitutus
1025 4001 1153 4048 Episcopus,
1163 4001 1300 4042 cantuariam
1309 4003 1398 4040 vocatus

341 4068 476 4117 Plegmundo
485 4069 594 4108 successit.
621 4069 680 4109 Sedit
692 4078 759 4107 annos
773 4077 859 4115 novem,
868 4067 958 4106 moritur
972 4068 1016 4118 924,
1025 4077 1048 4106 ac
1057 4067 1114 4108 inter
1120 4070 1264 4106 antecessores
1273 4068 1395 4108 tumulatus

342 4138 382 4174 eet.
424 4135 499 4175 Inna.
