3212 5206
266 505 321 545 ab.
332 504 457 551 losl-ltool
687 506 865 547 canonicos.
1295 513 1319 552 ti

256 613 299 708 'in
317 641 480 730 Angliam,
497 656 529 709 et
547 645 585 709 ab
598 645 834 731 archiepiscopo
846 645 1056 733 Lanfranco§
1080 653 1247 712 coronatus
1264 661 1322 726 est,

263 767 298 818 et
308 756 398 820 annis
414 757 566 822 tredecim
580 758 734 844 regnavit.
788 757 849 822 Cui
859 757 957 844 coepit
970 755 1130 822 Robertus
1141 758 1237 824 frater
1246 783 1322 825 suus

264 865 416 943 invidere,
432 866 498 932 dux
513 866 633 932 scilicet
649 867 683 932 N
684 869 865 945 osmannae,
883 869 935 953 qui
955 868 1121 934 Cart-hasa
1143 871 1320 947 vocabatur,

261 997 301 1038 eo
317 977 402 1060 quod
415 977 517 1042 minor
527 1001 563 1042 eo
579 992 661 1042 esset
673 991 841 1043 coronatus
856 979 890 1042 in
906 1000 1024 1065 regem.
1074 978 1212 1066 Rogavit
1223 981 1320 1067 igitur

266 1087 445 1152 Henricurn
469 1089 596 1154 fratrem
617 1112 720 1167 suum,
742 1104 779 1155 ut
802 1090 995 1168 thesaurum,
1017 1112 1112 1175 quem
1128 1091 1265 1157 habebat
1280 1092 1321 1157 de

262 1197 349 1262 dono
364 1200 460 1284 patris
475 1201 535 1281 sui,
551 1201 583 1265 ei
597 1200 822 1278 commodaret,
835 1214 868 1266 et
885 1214 1009 1278 terram,
1028 1223 1098 1288 quae
1116 1200 1323 1268 Constantini

260 1323 397 1386 vocatur,
414 1308 521 1375 eidem
535 1311 770 1398 impignoraret.
819 1311 895 1388 Quo
910 1312 1003 1388 facto,
1020 1311 1088 1377 dux
1110 1334 1184 1378 cum
1205 1337 1320 1401 magno

261 1419 404 1484 exercitu
420 1421 632 1486 transfretavit
646 1422 679 1485 in
695 1421 857 1509 Angiiam.
904 1421 978 1487 Rex
994 1445 1077 1499 vero,
1100 1445 1228 1490 suorum
1246 1447 1322 1489 usus

265 1527 407 1606 consilio,
423 1531 622 1617 pacemfecit
637 1553 712 1596 cum
721 1532 813 1609 duce,
823 1531 961 1596 reddens
972 1532 1106 1619 singuiis
1122 1536 1212 1598 annis
1228 1535 1321 1619 quin-

262 1662 326 1724 que
342 1640 428 1718 miile
444 1640 538 1706 libras
553 1642 677 1727 argenti
691 1641 732 1706 de
754 1640 882 1728 Angiia.
928 1641 972 1707 Et
986 1665 1128 1708 reversus
1143 1658 1190 1708 est
1205 1644 1270 1708 dux
1286 1646 1319 1708 in

262 1749 515 1827 Normauniam;
540 1747 728 1836 terramque,
747 1774 842 1836 quam
863 1751 950 1816 fratri
965 1759 1023 1815 suo
1043 1752 1267 1831 invadiaverat,
1290 1756 1320 1819 ei

262 1860 402 1939 abstulit,
429 1883 489 1926 nec
516 1861 698 1926 thesaurum
723 1863 753 1926 ei
780 1861 911 1927 reddere
940 1862 1139 1948 dignabatur.
1197 1863 1321 1929 Exosus

260 1972 368 2056 itaque
394 1972 495 2037 factus
520 1987 570 2038 est
586 1973 747 2037 Henricus
774 1974 900 2057 utrique
925 1973 1067 2048 fratri,—
1077 1974 1320 2060 Roberto,‚qrria

261 2084 431 2168 pecuniam
456 2084 642 2170 reposcebat
665 2083 715 2148 vel
735 2097 853 2149 terram
879 2083 1069 2148 invadiataur
1083 2108 1137 2160 3—
1148 2083 1319 2163 wilielmo,

261 2193 336 2278 quia
361 2193 402 2258 ad
425 2195 494 2279 ejus
519 2195 786 2279 inquietationem
806 2194 923 2260 dictam
945 2195 1115 2280 pecuniam
1140 2195 1321 2260 commoda-

260 2317 368 2380 verat3
392 2317 425 2369 et
439 2305 512 2371 ideo
528 2307 653 2371 secessit
670 2308 701 2370 in
719 2306 929 2382 Britanniam,
941 2305 995 2369 uhi
1009 2327 1065 2390 per
1083 2306 1320 2392 instigationem

261 2413 406 2480 Comitis
424 2415 571 2502 Hugonis
598 2418 765 2506 occupavit
779 2431 921 2482 montem
946 2417 978 2480 in
1004 2417 1093 2494 mari,
1123 2417 1177 2500 qui
1204 2416 1321 2496 dicitur

261 2527 360 2592 Mons
384 2526 492 2592 Sancti
503 2527 668 2594 Michaelis
678 2531 708 2606 ii;
732 2529 788 2593 ubi
804 2550 823 2592 a
838 2529 963 2592 duobus
980 2528 1126 2592 fratribus
1136 2530 1200 2593 suis
1216 2529 1320 2594 obses·

300 2731 311 2777 ς
325 2729 370 2768 The
383 2728 485 2777 principat
498 2727 557 2766 aldes·
569 2729 611 2766 and
625 2728 706 2766 abactor
724 2727 748 2766 cs
759 2727 852 2766 william
865 2729 902 2767 the
916 2729 1038 2776 conqueror
1054 2727 1076 2766 in
1090 2728 1124 2768 his
1137 2728 1193 2776 legal
1211 2739 1321 2769 mensures

258 2805 301 2834 vas
315 2795 427 2840 Lanirsnn
436 2794 506 2833 whom
515 2794 552 2835 the
565 2795 618 2841 king
630 2794 712 2833 invited
725 2793 780 2832 from
793 2795 830 2832 the
843 2795 909 2843 abbey
922 2795 945 2834 oi
957 2796 1000 2834 Bec
1019 2796 1042 2834 in
1063 2796 1187 2845 Norrnandy
1199 2799 1220 2835 to
1233 2797 1321 2835 become

256 2861 383 2910 urchbishcp
391 2860 558 2910 &Cantemus-y.
595 2864 608 2883 ¹¹
615 2861 666 2900 This
676 2860 801 2908 Laniranc,”
809 2871 857 2908 says
866 2861 902 2899 the
912 2861 1080 2910 Polychronicou
1092 2863 1169 2911 [B.vii.
1178 2875 1195 2902 e.
1216 2863 1235 2910 l]
1255 2865 1319 2902 “was

255 2927 323 2966 citha
332 2927 405 2966 nction
418 2928 442 2967 oi
448 2927 519 2976 Ytsly,
528 2928 570 2967 and
578 2938 622 2966 was
635 2931 705 2966 meost
713 2937 812 2976 connyng
821 2927 900 2976 oihoiy
908 2928 962 2973 urit,
972 2929 1014 2967 and
1032 2928 1055 2967 ot
1068 2929 1153 2978 syngler
1165 2930 1261 2976 lettrure‚
1277 2929 1320 2969 snd

257 2996 328 3033 moost
335 2995 386 3043 redy
394 2995 415 3034 in
425 3005 550 3044 gouernyng
558 2995 581 3034 oi
591 2996 690 3044 thynges.
717 2994 744 3034 In
751 3006 789 3035 cur
798 2995 913 3044 Lada-day,
923 2996 959 3034 the
970 2996 1117 3044 Assumption‚
1131 2997 1167 3036 the
1184 2997 1242 3046 King
1258 2998 1321 3037 mede

258 3059 303 3098 him
312 3061 461 3110 archsbisshop
471 3061 495 3100 oi
502 3061 657 3111 Canterbury.”

282 3125 357 3177 Henry
371 3127 395 3166 oi
406 3129 548 3178 liuntingdon
556 3128 579 3168 in
592 3128 626 3168 his
635 3127 688 3167 briei
698 3127 778 3177 Epistle
787 3131 808 3168 tc
817 3128 903 3176 Walter,
914 3139 944 3169 na
954 3139 1069 3169 srrsccrrs
1080 3140 1116 3169 sur
1124 3139 1254 3176 ruuronrs,
1269 3129 1321 3172 thus

254 3196 362 3246 eulogizes
369 3197 415 3236 this
424 3196 503 3244 prelata
512 3196 553 3234 and
561 3195 594 3235 his
603 3199 645 3234 two
652 3195 775 3234 immediate
790 3205 912 3235 successore
922 3209 927 3235 ε
957 3197 1090 3244 “splenduit
1108 3197 1174 3244 igitur
1189 3198 1320 3244 temporibus

257 3265 336 3303 nostris
348 3263 481 3304 Lanirsncus
493 3262 671 3310 archiepiscopus,
684 3263 718 3301 vir
728 3261 876 3310 philosophus,
891 3262 925 3300 vir
940 3263 1071 3310 perspicuus.
1105 3263 1144 3302 Cui
1159 3264 1262 3302 successit
1277 3264 1322 3304 An.

255 3330 345 3376 seimus,
352 3329 490 3378 philosophus
499 3332 520 3368 et
528 3327 684 3368 sanctissimus.
711 3327 810 3367 Vidimus
819 3332 868 3376 post
876 3339 912 3367 eos
922 3328 1069 3378 hadulphum,
1084 3329 1174 3378 dignum
1187 3333 1248 3368 tanta
1261 3329 1321 3368 celsi·

256 3398 334 3437 tudine
342 3395 465 3436 habitum.'’

278 3467 294 3486 ‘⁴
302 3464 328 3503 In
338 3463 536 3512 Lantrancustyme
545 3461 677 3501 warmacan
686 3459 824 3509 connseyllat
833 3460 920 3499 London
932 3460 954 3500 in
972 3462 1036 3510 Saynt
1044 3462 1128 3502 Paule‘s
1140 3463 1224 3502 chirche
1235 3461 1320 3506 r—that

255 3529 371 3579 noinghac
379 3531 405 3570 be
414 3530 464 3578 long
477 3533 535 3579 lyme
546 3529 598 3567 lette
608 3528 632 3567 oi
641 3527 663 3566 in
672 3527 791 3574 angionis.
818 3527 893 3575 Fyrste
905 3528 965 3566 there
974 3539 1016 3566 was
1033 3529 1139 3577 ordeyned
1153 3530 1201 3568 how
1216 3530 1320 3578 Bisshnps

256 3597 319 3636 shoid
332 3599 389 3646 sytte
401 3595 543 3645 incounseyil
556 3595 598 3634 and
612 3594 633 3634 in
647 3594 746 3642 synode,
766 3594 802 3633 the
817 3595 902 3641 second,
916 3595 962 3633 that
976 3596 1012 3633 the
1025 3595 1129 3644 bischcp's
1148 3596 1320 3644 ssesboidpasse

255 3666 306 3702 cute
319 3663 341 3702 ui
354 3664 407 3703 smal
420 3667 503 3702 townes
516 3663 561 3701 into
574 3665 652 3710 gretter
665 3663 755 3706 tornes,
766 3660 808 3699 and
825 3670 848 3698 so
862 3660 898 3698 the
912 3671 948 3698 sce
962 3660 986 3699 oi
999 3661 1071 3709 Seisey
1090 3663 1167 3710 passed
1177 3665 1200 3700 to
1215 3662 1321 3710 Chychcs·

254 3734 295 3773 ter.
304 3731 327 3770 ui
335 3730 417 3778 Kyrton
425 3734 447 3769 to
457 3729 568 3774 Excestre,
577 3727 602 3766 of
613 3726 691 3766 Wellss
706 3729 727 3765 to
738 3726 814 3772 Baths,
823 3725 847 3765 oi
857 3727 973 3765 Shirburne
986 3729 1009 3764 to
1025 3727 1144 3776 Salesbury‚
1155 3728 1178 3766 oi
1191 3728 1319 3768 Dorchestre

254 3797 277 3836 tc
286 3795 400 3846 hanccine,
410 3796 433 3835 oi
448 3794 550 3844 Lychieid
559 3797 581 3834 to
589 3795 683 3840 libertis,
693 3793 715 3832 in
725 3793 800 3842 bishop
808 3793 881 3832 Peters
895 3797 965 3842 tyme:
979 3794 1018 3832 but
1036 3794 1070 3833 his
1094 3804 1218 3834 successeur
1235 3795 1316 3834 Robert

257 3863 332 3912 passed
340 3863 395 3902 irorn
405 3863 493 3902 chestre
502 3865 523 3901 to
534 3861 660 3900 Couentre.”
676 3863 703 3910 [c.
720 3862 749 3908 3.]

281 3930 311 3968 At
318 3929 355 3968 the
361 3940 397 3968 era
405 3929 431 3967 ci
437 3929 473 3967 the
480 3930 590 3976 conquest,
599 3938 622 3966 as
630 3929 652 3966 at
660 3938 725 3976 many
734 3927 866 3974 subsequent
874 3926 963 3974 perieris,
973 3936 1005 3964 we
1014 3927 1058 3965 lind
1067 3936 1107 3966 cnr
1115 3927 1187 3967 saxon
1205 3930 1316 3967 ancestors

251 3995 273 4035 tc
282 3995 337 4034 have
345 3997 397 4034 been
406 3995 501 4044 singular
510 3995 551 4033 and
560 3995 702 4042 extrave-gant
710 3993 732 4032 in
740 3993 798 4033 dress
812 3993 854 4032 and
868 3993 952 4032 sensual
961 3993 984 4031 in
998 3993 1042 4032 diet
1051 4007 1055 4032 :
1074 3995 1088 4014 ‘¹
1095 3993 1156 4032 Tunc
1171 3997 1231 4032 erant
1252 3995 1319 4041 Angli

253 4065 314 4101 reste
325 4061 428 4110 superiori
438 4062 464 4101 ad
473 4061 569 4100 medium
579 4071 636 4109 genu
642 4060 744 4108 expediti,
754 4060 822 4099 crines
831 4059 895 4105 tonsi,
904 4059 973 4098 barbis
980 4060 1002 4098 in
1017 4061 1119 4108 superiori
1133 4061 1188 4098 labio
1206 4070 1319 4108 nunquam

251 4128 300 4171 rasi.
311 4129 407 4176 exceptis
416 4128 487 4167 solum
496 4127 630 4176 presbyteris.
639 4126 729 4165 armillis
737 4126 802 4166 etism
808 4126 879 4165 aureis
887 4126 978 4164 brachiis
986 4125 1074 4169 onerati.
1081 4127 1166 4174 puturis
1181 4126 1317 4174 stigmatibus

252 4196 303 4231 cute
317 4193 426 4241 insigniti:
441 4193 463 4233 iu
473 4193 524 4232 cibis
533 4195 634 4242 urgentes
643 4193 760 4242 crapulam,
769 4193 791 4232 in
799 4192 884 4241 potibus
894 4192 1001 4231 irritantes
1011 4193 1142 4232 vomitum.'’

1114 4259 1135 4298 J.
1150 4259 1215 4306 Rosa,
1230 4269 1250 4308 p.
1274 4261 1317 4300 lot.

279 4309 292 4331 ⁴·
306 4308 367 4348 Msut
376 4309 400 4349 st
409 4309 513 4351 Michsei.
