3212 5206
253 452 279 494 λ.
288 450 314 492 D.
326 449 449 498 loll-1⁰86]
679 449 857 492 cultorucort.
1282 455 1307 493 63

255 613 339 666 vero,
353 610 423 673 quae
438 612 458 654 a
471 589 535 654 suis
550 587 600 652 vel
616 589 712 674 patris
723 588 772 652 sui
780 588 985 652 concursibus
1004 587 1123 652 foedata
1140 588 1190 654 vel
1201 588 1308 654 diruta

255 701 389 777 fuerant,
417 701 583 787 reparavit.
638 697 851 782 Ecclesiamss
884 720 1009 782 quoque
1035 699 1120 762 beati
1140 698 1307 764 Edmundi

256 811 340 896 regis
354 823 388 874 et
402 810 549 897 martyris
575 811 753 874 construxit
764 833 773 886 ;
797 811 999 874 abbatemet
1020 809 1193 874 monachos
1218 809 1307 873 insti-

256 921 327 997 tuit,
350 921 541 1007 egregieque
571 911 697 984 ditavit.
741 920 865 1005 Corpus
895 919 982 983 beati
1012 918 1150 1006 Elpbegi
1172 920 1306 1007 propriis

256 1030 403 1092 manibus
418 1028 557 1092 levatum
582 1028 743 1093 transtulit
767 1027 989 1093 venerabiliter
1014 1051 1033 1092 a
1057 1028 1173 1093 Sancto
1203 1028 1308 1093 Paulo

255 1138 455 1203 Londinensi
471 1137 511 1202 ad
526 1137 690 1203 ecclesiam
717 1138 839 1202 Christi
866 1137 1168 1216 cantuariensem]
1210 1140 1308 1202 Anno

255 1249 354 1333 igitur
368 1248 458 1334 regni
473 1249 522 1313 sui
535 1249 647 1332 quinto
671 1246 796 1312 decimo
812 1247 952 1314 Romam
982 1249 1070 1326 adiit,
1103 1264 1136 1314 et
1165 1263 1308 1314 moratus

256 1357 299 1424 ibi
326 1381 383 1444 per
411 1358 535 1443 aliquot
563 1359 640 1437 dies,
667 1359 748 1425 datis
773 1380 830 1444 per
853 1359 1001 1425 ecclesias
1029 1361 1249 1448 eleemosynis,
1273 1361 1309 1425 iu

259 1467 409 1553 Angliam
424 1467 529 1534 rediit.
1167 1537 1170 1542 Δ

300 1577 383 1642 Mox
398 1577 537 1643 Scotiam
547 1579 755 1644 rebellantem
766 1602 937 1666 regemque
948 1579 1160 1646 Malcolmum
1171 1580 1309 1667 subegit·

121 1673 126 1680 ²
161 1705 165 1712 '
258 1687 411 1774 Regnum
425 1702 459 1752 et
473 1687 698 1766 Noricorum†‚
725 1690 834 1777 fugato
859 1692 1073 1778 rege‘Olavo,
1101 1714 1159 1756 suo
1183 1691 1310 1777 subegit

254 1798 399 1883 imperio.
429 1799 494 1886 Qui
510 1813 543 1864 et
559 1800 725 1885 posteriori
741 1824 827 1865 anno
842 1824 977 1887 regnum
1000 1802 1169 1886 ingressus,
1185 1825 1204 1866 a
1220 1823 1310 1865 com·

256 1908 497 1995 provincialibus
519 1923 567 1974 est
592 1911 723 1974 occisus.
748 1908 871 1975 Omnes
894 1910 990 1974 etiam
1014 1909 1101 1996 leges
1116 1909 1156 1974 ab
1171 1909 1311 1995 antiquis

256 2019 385 2104 regibus
400 2031 430 2084 et
446 2019 583 2083 maxime
609 2041 627 2081 a
642 2018 871 2105 praedecessore
886 2041 944 2082 suo
961 2017 1134 2083 Ethelredo
1154 2017 1232 2084 latas
1247 2021 1307 2084 sub

254 2129 512 2194 interminatione
530 2130 627 2216 regiae
646 2130 819 2215 majestatis
837 2129 993 2194 observari
1022 2131 1207 2216 praecepit*
1230 2129 1309 2216 Ejus

256 2253 290 2304 et
305 2262 390 2304 anno
403 2240 640 2324 quintodecimo
650 2241 728 2304 obiit
740 2239 902 2305 Robertus
916 2261 974 2304 rex
991 2239 1143 2317 Francius,
1156 2254 1308 2305 coronato

256 2351 344 2435 prius
374 2349 517 2416 Henrico
557 2352 769 2438 primogenito
799 2373 868 2428 suo,
903 2364 1093 2437 procurante
1131 2353 1243 2438 regina
1271 2365 1305 2415 et

257 2473 422 2527 annuente
453 2461 596 2527 Roberto
619 2460 882 2526 Normannorum
903 2461 994 2526 duce.
1041 2463 1096 2527 Ob
1118 2485 1216 2546 quam
1237 2484 1307 2527 rem

256 2572 342 2639 idem
357 2572 515 2638 Henricus
526 2572 653 2637 admisit
663 2572 766 2637 lilium
781 2595 874 2637 suum
889 2571 1084 2637 Willelmum
1097 2573 1131 2637 in
1149 2571 1310 2638 haeredem

258 2682 293 2748 N
294 2684 477 2760 ormanniae,
492 2683 712 2769 proficiscente
726 2695 815 2767 patre
830 2683 899 2767 ejus
914 2680 1179 2769 Hierosolymam.

301 2795 408 2858 Cnuto
428 2813 503 2856 vero
517 2805 590 2876 post
606 2791 793 2855 vicesimum
807 2811 928 2856 annum
943 2791 1032 2877 regni
1061 2791 1112 2858 sui
1137 2791 1215 2858 obiit
1232 2790 1310 2879 Sep-

259 2905 365 2982 toniae‚
380 2917 414 2968 et
429 2901 601 2968 Wintoniae
616 2901 758 2989 sepultus
770 2901 917 2988 quiescit.

590 3039 645 3106 Dn
677 3037 848 3104 Hannnoo
878 3039 982 3104 Duco.

303 3152 401 3215 Anno
417 3150 551 3215 Domini
568 3151 626 3216 Mo
649 3149 770 3214 ΧΧΧο
796 3163 897 3226 sexto,
914 3148 1085 3225 HaralduS,
1101 3149 1157 3232 qui
1176 3149 1310 3214 aestima·

256 3262 351 3326 batur
384 3260 470 3324 filius
499 3260 658 3342 Cnutonis
697 3279 739 3322 ex
772 3259 837 3324 filia
867 3257 995 3322 Elfelmi
1024 3258 1157 3334 comitis,
1173 3279 1310 3344 regnum

255 3374 403 3459 suscepit,
414 3386 446 3437 et
455 3372 547 3436 annis
558 3384 693 3455 quatuor
702 3367 898 3451 totidemque
909 3368 1071 3432 mensibus
1081 3368 1206 3444 tenuit3
1226 3367 1311 3432 elec·

257 3499 311 3549 tus
324 3506 382 3571 per
397 3482 510 3547 Dauos
525 3479 806 3558 etLondoneuses,
819 3477 933 3565 Anglis
943 3477 1000 3542 diu
1011 3478 1238 3557 resistentibus,
1254 3479 1311 3566 qui

259 3595 391 3660 mallent
406 3615 538 3680 regnare
553 3589 789 3667 Hardcnutum,
805 3589 855 3655 vel
871 3612 971 3654 unum
988 3588 1028 3654 de
1056 3589 1128 3654 filiis
1145 3589 1311 3656 Ethclredi

259 3719 404 3788 quatuor,
435 3703 491 3788 qni
519 3703 552 3766 in
593 3700 795 3765 Normannia
823 3701 1037 3765 morabantur.
1097 3701 1313 3766 Confirmatus

233 3837 236 3846 ’
284 3853 296 3898 1
310 3849 341 3890 Oi
349 3850 408 3898 Bury
417 3848 477 3888 Salat
487 3847 605 3887 Edmund’s
613 3846 635 3886 ln
645 3847 737 3886 sustolle.

283 3917 300 3957 n
314 3917 362 3955 “In
373 3915 469 3955 Ecclesia
482 3912 571 3955 Paulina
585 3913 677 3953 Londini
690 3911 788 3961 sepultus
803 3912 1029 3961 monogrammate
1041 3913 1120 3954 canuti
1130 3914 1196 3964 aegre
1210 3915 1238 3955 ad
1251 3925 1314 3956 auam

260 3980 382 4022 Ecclesiam
391 3978 508 4018 translatus
515 3978 547 4018 im
554 3977 654 4016 conditur
662 3977 799 4026 sepulchro.'¹
826 3979 933 4018 Gonwrrt.

285 4049 296 4092 t
310 4058 333 4086 or
343 4045 481 4092 Norinomm‚
491 4045 528 4084 the
538 4044 683 4093 Norwegtons.

283 4115 295 4138 θ
310 4113 340 4153 Το
346 4113 384 4152 the
392 4113 444 4151 lawe
454 4111 518 4150 othir
526 4111 705 4160 predecessorum
714 4110 846 4159 superaddet
854 4121 919 4161 many
930 4111 1027 4160 despotia
1035 4115 1169 4152 enaotmcnts
1178 4112 1202 4151 ot
1207 4112 1242 4152 his
1250 4122 1298 4153 own
1307 4127 1313 4160 ς

256 4190 335 4228 among
343 4179 433 4226 ahiem·
441 4179 490 4218 that
497 4189 510 4216 a
518 4178 594 4219 uiden
602 4178 711 4228 mamylus
719 4177 796 4219 within
806 4178 981 4220 atwelvemonth
988 4179 1042 4220 aster
1048 4179 1086 4220 ber
1093 4178 1212 4220 husband's
1218 4179 1312 4228 decemo,

260 4245 559 4296 slroulrllosebertotnture.⁸
992 4241 1010 4268 ν
