3212 5206
657 497 784 540 ueneror
800 497 839 539 un
852 497 998 540 sitonsvs
1222 502 1258 552 [u
1267 501 1294 544 n.
1304 503 1387 545 ase-sn

688 979 744 1046 Ds
772 979 1019 1048 Erusuwcuro.

374 1119 471 1186 Anno
488 1117 667 1184 Dominieae
683 1116 914 1185 Incarnationis
931 1119 1196 1207 octingentesimo
1217 1117 1375 1186 tricesimo

328 1229 474 1317 septimo,
486 1228 707 1308 Etbelwulfus,
719 1253 816 1319 quem
832 1229 961 1316 quidem
973 1231 1143 1298 Athulfum
1159 1245 1285 1313 vocant,
1299 1232 1383 1298 filius

331 1340 474 1428 Egberti,
498 1343 641 1428 regnavit
656 1365 754 1407 annos
778 1343 892 1429 viginti
907 1357 941 1409 et
954 1344 1117 1410 mensibus
1132 1345 1295 1429 quinque3
1327 1344 1384 1429 qui

328 1453 387 1518 sub
405 1453 512 1538 quiete
532 1453 650 1541 degere
670 1453 780 1520 mallet
796 1478 892 1540 qnam
907 1455 1015 1521 multis
1030 1456 1200 1541 provinciis
1214 1458 1380 1544 imperare.

328 1564 479 1631 Habebat
496 1565 578 1632 filios
601 1581 746 1652 quatuor,
768 1568 824 1653 qui
848 1570 1145 1634 omnessuccessive
1160 1583 1382 1655 regnaverunt.

329 1677 513 1744 Contentus
530 1679 628 1767 igitur
647 1682 732 1746 avito
755 1704 854 1768 regno
876 1679 1153 1755 west-Saxonum,
1168 1698 1283 1746 coetera
1306 1704 1379 1766 quaa

327 1805 419 1878 pater
433 1793 661 1880 subjugaverat,
677 1793 740 1859 filio
758 1792 947 1859 Athelstano
963 1793 1101 1859 tradidit.
1160 1793 1380 1860 Burthredum

327 1925 437 1990 regem
453 1905 649 1971 Meroiorum
659 1919 769 1971 eontra
785 1905 934 1972 Britones
945 1907 1039 1993 juvit,
1051 1921 1085 1971 et
1099 1906 1173 1972 filiae
1188 1907 1308 1993 nuptiis
1316 1927 1383 1970 non

327 2037 439 2100 parum
449 2014 609 2080 exaltavit.
632 2015 755 2081 Piratae
765 2018 1025 2104 Danorumlper
1034 2030 1133 2081 totam
1144 2016 1280 2080 insulam
1290 2017 1378 2081 navi·

323 2139 436 2212 gentes
461 2139 495 2191 et
519 2125 691 2214 Inopinatis
716 2125 955 2212 appulsionibus
981 2126 1087 2190 littora
1103 2128 1211 2191 omnia
1225 2127 1378 2193 infestan-

327 2250 385 2314 tes,
404 2236 589 2321 frequentes
609 2235 804 2302 calamitates
826 2259 883 2325 per
904 2259 960 2301 eos
981 2238 1122 2324 accepit:
1147 2237 1318 2331 Londonia
1346 2252 1379 2304 et

326 2349 431 2414 omnis
455 2349 520 2414 sere
548 2348 667 2414 (lautia
685 2363 806 2414 vastata
825 2363 884 2415 est.
939 2349 1089 2416 Habebat
1109 2352 1273 2417 enimvero
1297 2351 1379 2417 duos

324 2483 383 2525 suo
410 2475 553 2545 tempore
579 2461 796 2546 praecellentes
824 2461 984 2548 praesules,
1014 2463 1145 2528 beatum
1174 2463 1378 2528 Switbunum

323 2563 509 2651 Wintoniae,
521 2586 554 2638 et
570 2571 793 2638 Etbclstanum
810 2573 1041 2640 Shereburniae.
1110 2574 1156 2639 Hi
1171 2575 1316 2642 videntes
1331 2599 1380 2641 re·

322 2709 398 2774 gem
415 2685 538 2752 bebetis
557 2686 690 2774 ingenii,
713 2685 833 2752 sedulis
848 2686 1120 2752 admonitionibus
1143 2687 1185 2753 ad
1208 2688 1376 2754 scientiam

324 2799 481 2885 regnandi
496 2798 719 2864 stimulabant:
745 2798 931 2864 Swithunus
945 2823 1055 2888 regem
1070 2800 1112 2866 ad
1125 2799 1265 2868 coelestia
1279 2800 1380 2865 infor·

324 2913 449 2991 mabat;
480 2911 686 2976 Ethelstanus
707 2911 843 2976 forensia
865 2935 930 2976 non
959 2913 1153 3000 negligenda
1181 2913 1290 2979 docuit
1301 2939 1311 2993 3
1345 2927 1378 2978 et

325 3022 465 3087 eundem
480 3035 591 3087 contra
606 3023 715 3087 Dunos
730 3022 900 3098 animabat,
916 3024 1066 3106 pecunias
1083 3024 1159 3087 fisco
1183 3024 1382 3089 sufficientes

326 3155 533 3220 congregans,
555 3145 588 3198 et
613 3132 788 3211 exercitum
814 3155 1021 3220 componens.
1065 3132 1142 3198 Post
1169 3134 1380 3220 triumphatos

324 3247 440 3324 hostes,
453 3246 495 3311 ad
509 3248 571 3313 Dei
588 3246 710 3312 cultum
730 3269 901 3311 conversus
922 3245 1009 3311 idem
1031 3245 1254 3325 Etbclwulfus
1271 3251 1379 3312 decim-

324 3381 374 3422 um
386 3363 518 3442 omrtium
537 3359 774 3444 hidarumjiutra
785 3382 909 3448 reanum
919 3382 1006 3423 sunm
1009 3362 1145 3445 famulis
1155 3362 1213 3425 Dei
1222 3364 1381 3434 concessit,-

351 3585 369 3625 tl
382 3585 451 3624 There
459 3586 476 3626 ie
485 3597 543 3625 some
553 3586 622 3626 defect
630 3587 652 3626 in
669 3587 706 3625 the
718 3597 825 3636 grammar
837 3586 861 3625 of
873 3586 915 3625 thir
929 3596 1026 3634 passage.
1052 3585 1090 3624 We
1103 3585 1173 3631 might
1184 3588 1264 3624 correct
1278 3585 1295 3623 tt
1312 3585 1379 3625 thus:

328 3653 341 3674 “
349 3652 436 3691 Pirerrs
445 3654 556 3692 Danorum
564 3664 601 3701 per
610 3657 677 3694 totam
683 3654 944 3704 insulamnaviganrrnue
951 3656 972 3691 et
980 3654 1072 3702 inopinis
1082 3653 1242 3702 appulsionibus
1250 3653 1324 3692 littora
1332 3663 1378 3692 om·

326 3719 363 3759 nia
370 3719 541 3765 inrestanmos.
550 3720 603 3760 Μ’

353 3789 362 3833 l
377 3785 623 3833 Tnisnotautecnarter.
633 3787 783 3836 wherebythie
798 3787 901 3827 Monarcb
917 3787 1025 3826 bestowed
1034 3798 1091 3836 upon
1104 3787 1141 3825 the
1151 3786 1235 3826 (burch
1250 3796 1263 3825 a
1277 3787 1338 3826 tenth
1354 3787 1381 3825 os

326 3854 363 3892 the
371 3853 422 3892 land
428 3856 474 3894 tnot
480 3866 493 3894 a
499 3856 560 3894 tenth
568 3855 630 3894 ofthe
635 3856 727 3904 produce
734 3855 798 3894 otthe
804 3856 864 3903 land)
870 3856 889 3894 is
896 3855 980 3904 printed
989 3855 1012 3894 in
1020 3855 1113 3895 william
1121 3855 1141 3893 ot
1149 3855 1311 3902 ltelmeebnry's
1318 3855 1379 3894 ers

325 3933 354 3962 or
364 3923 485 3963 enorme
495 3937 499 3962 :
518 3923 636 3970 Perfeci,ut
643 3924 749 3963 decimam
759 3926 842 3972 partem
855 3926 960 3962 terrarum
967 3933 1004 3971 pcr
1011 3933 1101 3972 regnum
1108 3923 1266 3962 meumsanctis
1274 3921 1378 3960 Eccleuiis

326 3991 398 4029 darem
408 3990 445 4029 &e
535 3991 696 4030 Placuiteutem
706 3991 813 4031 Anlstano
822 3989 997 4031 Shireburnensis
1006 3990 1106 4030 Ecclesiae
1123 3991 1235 4038 Episcopo,
1244 3992 1266 4028 et
1280 3989 1379 4028 suithino

328 4058 481 4098 wintoniensis
491 4059 593 4100 Eccleslae
601 4059 706 4108 episeopo,
714 4063 738 4097 ut
748 4059 807 4100 omni
814 4061 904 4099 sabbato
913 4062 957 4098 tota
966 4059 1100 4108 congregatio
1114 4058 1270 4107 quinquaginta
1277 4057 1379 4105 psalmos,

327 4129 349 4164 et
357 4136 415 4165 uuus
424 4128 514 4176 qunque
525 4128 636 4176 Presbyter
652 4127 708 4166 duae
716 4127 793 4166 Missas
802 4129 862 4168 omni
869 4128 1001 4167 hebdomada
1015 4130 1087 4167 cantet
1095 4137 1134 4176 pro
1145 4127 1203 4175 nege
1220 4124 1348 4166 Ethelwulio
1358 4127 1381 4163 et

328 4193 424 4233 Ducibus
433 4193 455 4232 ln
464 4194 503 4234 noc
512 4192 695 4234 consentientibus
705 4193 756 4233 π’
