3212 5206
239 464 262 508 ba
272 466 299 508 D.
315 466 440 516 toas-tosa]
672 463 851 506 CHRONICON.
1261 459 1285 500 tt

233 629 275 672 ex
290 604 411 668 directo
426 602 506 667 nihil
521 602 723 688 proficerent,
738 623 776 666 eo
790 599 874 685 quod
885 599 983 686 Angli
997 599 1092 664 iacies
1106 609 1178 664 sua's
1192 601 1288 664 scutis

235 733 267 782 et
284 716 353 780 aliis
368 715 606 781 defensionibus
631 725 844 800 protegerent,
870 711 1076 799 providerunt
1101 713 1229 796 sagittas
1252 711 1287 775 in

234 828 332 892 altum
349 826 496 911 dirigere,
512 840 548 890 ut
564 824 714 892 cadentes
733 825 768 886 in
784 821 890 910 capita
911 821 1092 908 Auglornm
1106 823 1190 906 ipsos
1205 823 1286 906 peri-

233 951 366 1002 merent
386 937 482 1004 Quod
498 961 599 1024 quum
615 937 716 1012 fieret,
730 934 864 1020 contigit
878 934 1028 1019 sagittam
1045 933 1077 996 in
1092 954 1195 996 unum
1210 955 1285 997 ocu-

188 1105 189 1110 ,
234 1049 302 1114 lum
313 1048 444 1113 Haraldi
456 1048 661 1112 vehementer
672 1047 805 1132 inflgiet
818 1045 947 1109 oculum
957 1045 1119 1109 excaecari.
1157 1044 1285 1109 Deinde

233 1159 412 1224 Normanni
423 1180 480 1244 per
491 1156 647 1222 cautelam
658 1178 724 1220 sese
735 1154 931 1220 retrahentes
943 1155 1033 1241 quasi
1039 1157 1073 1218 in
1079 1154 1286 1241 fugamvcrsi,

235 1269 378 1333 animum
391 1281 549 1332 auxerunt
562 1267 687 1353 Anglis.
719 1266 817 1332 Unde
829 1267 899 1354 ipsi,
911 1267 1028 1331 relictis
1040 1266 1284 1344 munitionibus,

234 1392 401 1465 coeperunt
410 1378 586 1466 gaudentes
597 1378 765 1463 insequi,et
777 1378 981 1442 conviciando
993 1401 1047 1443 eos
1059 1377 1219 1454 insultare,
1230 1378 1286 1442 do·

231 1513 292 1555 nec
304 1489 337 1554 N
338 1491 482 1554 ormanni
494 1489 638 1554 videntes
650 1489 907 1574 competentiam,
923 1501 1090 1573 coeperunt
1101 1487 1133 1551 in
1145 1511 1199 1552 eos
1214 1509 1285 1552 ver-

233 1615 297 1666 tere
309 1601 413 1676 facies,
424 1613 456 1664 et
468 1600 514 1664 eis
524 1601 666 1664 resistere
679 1612 712 1662 et
721 1599 834 1662 acriter
843 1598 1041 1684 impugnare.
1067 1597 1167 1683 Angli
1177 1610 1286 1662 tamen

234 1711 291 1775 diu
306 1725 339 1775 et
354 1711 476 1776 fortiter
490 1710 697 1784 resistebant3
714 1709 758 1773 ita
773 1722 809 1773 ut
824 1708 957 1773 dubium
969 1709 1063 1774 fuerit
1076 1708 1189 1792 quibus
1204 1722 1287 1772 esset

234 1823 366 1885 victoria
387 1833 593 1907 proventura.
638 1817 796 1894 Tandem,
815 1832 887 1904 post
900 1818 1017 1883 multos
1040 1819 1220 1895 conflictus
1239 1819 1287 1882 iu·

235 1930 384 1994 terfectus
399 1941 449 1994 est
465 1929 625 1994 Haraldus
640 1951 737 2014 prope
756 1927 969 1993 standardum
985 1950 1086 1994 suum.
1119 1927 1162 1993 Et
1176 1929 1286 2015 Angli,

236 2040 381 2104 videntes
396 2039 511 2104 ducem
529 2038 742 2104 Standardum
758 2038 960 2124 prostravisse
977 2051 1008 2103 et
1023 2037 1177 2103 vexillum
1190 2061 1286 2104 suum

233 2151 351 2215 ibidem
370 2151 515 2228 erexisse,
532 2149 905 2236 fugeruntLondoniam,
919 2151 971 2234 qui
985 2163 1166 2236 potuerunt.
1208 2150 1285 2227 Ubi,

232 2261 457 2325 convenientes
479 2260 619 2345 episcopi
641 2272 674 2323 et
695 2259 839 2336 barones,
858 2259 1062 2324 contulerunt
1082 2260 1122 2324 de
1149 2282 1223 2347 rege
1248 2273 1281 2326 et

235 2392 344 2456 regno,
362 2386 394 2435 et
410 2371 540 2436 demum
558 2369 754 2434 Willelmum
769 2369 944 2456 elegerunt.

282 2481 349 2556 Qui
376 2504 476 2567 quum
501 2494 584 2546 esset
609 2496 725 2545 unctus
748 2495 780 2546 et
804 2495 980 2558 coronatae,
997 2482 1139 2566 quaesivit
1164 2483 1203 2547 ab
1229 2483 1285 2561 eis,

236 2594 351 2677 quibus
371 2593 490 2657 vellent
517 2593 562 2656 uti
578 2593 711 2678 legibus.
757 2594 802 2656 At
828 2591 875 2655 illi
892 2591 1055 2669 dixerunt,
1071 2592 1195 2678 legibus
1221 2593 1289 2657 Ed·

234 2705 329 2768 wardi
345 2705 437 2789 regie,
467 2716 501 2767 et
524 2703 569 2766 eis
597 2705 751 2766 concessit
778 2713 813 2764 nt
838 2701 935 2785 ipsius
960 2702 1083 2787 legibus
1108 2716 1287 2768 uterentur.

237 2813 342 2878 Multo
352 2813 466 2877 sudore
477 2825 509 2877 et
523 2811 629 2875 labore
640 2809 816 2894 pacificavit
824 2810 931 2873 omnia
939 2837 949 2891 3
965 2826 997 2876 et
1008 2813 1042 2874 in
1053 2812 1288 2877 Narmanniam

235 2922 456 2999 transfretavit,
472 2921 559 3006 prius
575 2935 682 2986 tamen
707 2935 927 2986 consummata
951 2923 1090 2987 Abbatia
1113 2920 1153 2986 de
1177 2920 1279 2999 Bello,

237 3056 332 3117 qaam
345 3034 410 3119 ipse
426 3056 445 3097 a
459 3032 674 3097 fundamentis
690 3033 876 3098 construxit.

280 3144 356 3223 Ubi,
372 3145 530 3226 rogatusa
544 3166 618 3230 rege
631 3129 772 3209 Franciae
787 3143 872 3228 quod
888 3145 917 3208 ei
928 3145 1090 3209 servitium
1106 3145 1222 3210 faceret
1233 3147 1274 3210 de

237 3254 367 3340 Auglia,
383 3254 556 3341 respondit,
573 3254 659 3337 quod
674 3255 704 3318 ei
720 3256 882 3319 servitium
893 3257 1012 3356 legeret
1028 3256 1186 3341 sicutipse
1205 3257 1289 3321 fecc-

234 3383 283 3431 rat
297 3365 461 3444 auxilium,
474 3388 576 3450 eoque
587 3365 711 3429 nullum
725 3366 755 3428 ei
764 3365 892 3430 laceret.
927 3365 1049 3452 Saepius
1061 3380 1169 3432 autem
1183 3367 1286 3454 impe·

234 3489 285 3542 tus
295 3476 451 3542 faciebant
464 3475 505 3540 ad
517 3476 654 3540 invicem
667 3473 781 3539 Franci
790 3482 823 3540 et
833 3473 1012 3568 Normanni
1023 3499 1032 3552 ;
1045 3498 1132 3540 nunc
1142 3475 1187 3540 illi
1201 3499 1288 3542 nunc

237 3590 289 3652 isti
315 3577 536 3673 praevalebant.
585 3585 742 3663 Tandem,
768 3598 839 3670 post
869 3585 983 3651 multas
1011 3600 1138 3652 mutuas
1161 3587 1288 3653 infesta-

236 3699 338 3762 tiones
353 3699 428 3762 hinc
444 3698 518 3762 inde
534 3698 639 3774 factas,
656 3698 826 3785 aegrotabat
840 3719 895 3762 rex
913 3697 1090 3763 Willelmus
1106 3697 1288 3786 Rotomagi.

237 3809 311 3874 Quo
334 3807 453 3886 audito,
470 3829 524 3874 rex
552 3807 693 3872 Franciae
718 3807 944 3872 comminando
967 3809 1156 3895 significavit
1181 3810 1211 3874 ei
1226 3812 1288 3875 iro-

236 3919 318 3992 nice,
339 3917 425 4000 quod
451 3917 508 3980 diu
528 3919 597 4002 jam
621 3916 816 3983 decubuerat
839 3918 871 3981 in
899 3920 1077 4005 puerperio,
1101 3932 1134 3984 et
1157 3927 1288 4006 tempus

235 4044 319 4094 esset
333 4028 532 4116 purilicandi.
579 4029 635 4093 Ad
651 4031 716 4094 hacc
731 4030 797 4093 dux
812 4030 857 4095 ita
878 4030 1050 4116 respondit,
1068 4030 1153 4114 quod
1169 4032 1201 4094 in
1218 4033 1287 4096 bre·

236 4139 265 4201 vi
293 4139 486 4203 adventurus
512 4152 592 4203 essct
613 4140 646 4203 in
675 4139 840 4203 Franciam
866 4161 940 4202 cum
965 4139 1177 4204 oblationibus
1202 4141 1287 4204 mille

238 4249 440 4314 candelarum
458 4249 642 4336 lignearum,
659 4272 730 4334 quae
742 4271 809 4398 lplro
832 4251 960 4315 flamma
979 4249 1134 4315 haberent
1153 4253 1187 4317 in
1203 4274 1288 4316 sum-
