3212 5206
262 547 287 586 11.
303 546 329 586 o.
346 545 472 596 rma-tuoe]
720 543 900 585 canomcou.
1335 541 1360 579 so

262 681 439 765 Quumque
454 680 523 766 jam
543 677 600 743 diu
622 679 759 759 vixisset,
775 693 808 744 et
826 678 866 743 de
884 676 1173 768 successores-fieret
1196 675 1356 750 sollicitae,

259 791 389 855 tandem
411 790 452 854 de
476 788 636 854 Willelmo
658 788 740 854 duce
762 789 970 854 Normanniae
992 787 1074 853 sedit
1096 788 1127 852 ei
1146 787 1303 852 sententia
1326 801 1359 852 et

259 900 370 965 stabile
384 901 594 986 propositum,
611 899 696 984 quod
712 900 742 964 ei
757 899 941 964 succederet
955 899 989 962 in
1005 898 1128 984 Anglia.

304 1010 480 1075 Edwardus
495 1011 553 1074 iste
580 1024 646 1074 tarn
671 1010 705 1074 in
721 1011 785 1075 vita
811 1033 908 1097 quam
922 1011 957 1075 in
984 1023 1086 1074 morte
1109 1008 1219 1074 multis
1237 1009 1357 1074 effulsit

260 1120 439 1197 miraculis;
455 1121 601 1186 nondum
617 1122 703 1185 enim
719 1134 812 1186 natus
827 1145 846 1186 a
860 1121 1043 1207 proceribus
1051 1120 1086 1184 in
1101 1141 1207 1206 regem
1219 1120 1356 1206 eligitur,

261 1231 384 1297 omissis
403 1231 623 1317 primogenitis
639 1231 786 1297 fratribus
801 1245 833 1296 et
848 1231 972 1296 adultis
1021 1229 1097 1295 Furi
1112 1251 1170 1292 sue
1184 1229 1357 1316 asportanti

261 1340 421 1407 consuluit
458 1339 499 1404 ad
543 1340 688 1406 salutem.
747 1341 837 1406 Inter
880 1341 1047 1406 missarum
1079 1338 1234 1405 solemnia
1270 1338 1356 1424 apud

260 1449 580 1515 westmonasterium
591 1451 670 1515 vidit
683 1473 791 1538 regem
803 1452 933 1515 Dauum
944 1450 978 1514 in
987 1450 1138 1536 Angliam
1152 1450 1357 1536 aspirantem,

261 1561 294 1625 in
317 1561 398 1626 mari
419 1561 628 1625 submersum.
674 1560 847 1626 Diabolum
875 1582 989 1624 acervo
1011 1559 1155 1644 pecuniae
1175 1560 1258 1624 male
1281 1582 1356 1624 con-

260 1683 398 1757 gregatae
446 1670 527 1735 vidit
560 1671 596 1735 in
639 1671 745 1757 specie
789 1669 891 1734 simiae
945 1669 1093 1734 insidere.
1155 1657 1357 1734 Gillemichel

261 1779 474 1846 Hibemicum
500 1794 700 1847 contractum
722 1783 790 1867 jem
814 1781 993 1866 septimos
1022 1778 1128 1845 Roma
1155 1779 1357 1860 redeuntem,

261 1913 303 1956 ex
317 1891 401 1956 beati
415 1892 505 1956 'Petri
525 1891 685 1969 mandato,
701 1890 795 1957 dorso
818 1913 877 1956 suo
905 1889 1093 1976 impositum
1125 1888 1166 1954 ad
1191 1889 1357 1954 ecclesiam

262 2000 635 2067 westmonasteriensem
661 2001 786 2079 detulit,
809 2015 841 2066 et
863 2001 948 2065 illico
973 1999 1101 2065 sanitati
1126 1999 1270 2066 redditus
1299 2015 1357 2067 est.

261 2109 388 2176 Ibidem
425 2112 466 2177 ad
494 2125 653 2177 secretum
682 2112 787 2178 missae
815 2135 891 2176 cum
919 2112 1035 2176 comite
1067 2110 1213 2177 Leofrico
1243 2113 1357 2177 Jesum

263 2222 426 2288 Christum
451 2245 546 2310 super
581 2223 679 2288 altare
709 2224 884 2308 conspexit.
944 2223 1007 2287 Dic
1033 2222 1161 2288 Pascbae
1191 2223 1225 2286 in
1251 2222 1359 2287 medio

260 2333 394 2422 prandio
410 2333 623 2398 mutationem
645 2332 782 2398 laterum
799 2344 923 2420 septem
941 2331 1170 2398 dormientium
1191 2332 1226 2396 in
1247 2345 1358 2398 monte

262 2452 361 2519 Caelio
389 2452 574 2531 sevidisse,
610 2475 668 2541 per
695 2454 830 2518 nuncios
855 2452 966 2518 fideles
999 2452 1076 2517 illuc
1104 2452 1217 2518 missos
1245 2465 1355 2539 postea

258 2563 410 2647 probavit.
465 2563 642 2641 Annulum,
668 2585 766 2648 quem
795 2562 888 2628 beato
910 2563 1053 2627 Iohanni
1075 2563 1295 2649 Evangelistae,
1321 2565 1364 2626 in.

259 2673 460 2738 dedicatione
473 2672 614 2738 ecclesiae
625 2672 779 2758 ejusdem,
791 2673 826 2735 in
836 2671 947 2736 habitu
955 2672 1113 2758 peregrini
1123 2671 1360 2758 eleemosynam

259 2785 382 2871 petenti
408 2783 550 2863 dederat,
580 2785 648 2868 ipse
676 2783 787 2846 beatus
816 2780 1020 2866 Evangelista
1042 2803 1102 2868 per
1124 2781 1205 2846 duos
1218 2783 1360 2870 peregri-

261 2893 468 2974 nosremisit3
492 2893 546 2978 qui
556 2892 668 2957 diebus
678 2892 794 2958 nostris
803 2891 889 2980 apud
898 2892 1362 2980 Westmonasteriumapopu-

259 3007 292 3073 lo
307 3007 423 3072 devoto
435 3004 602 3072 osculatur.

304 3120 370 3184 Hic
389 3130 463 3206 post
485 3117 612 3183 XXIII
628 3141 727 3182 annos
746 3119 838 3205 regni
853 3117 912 3195 sui,
927 3116 1257 3184 Westmonasteriensi
1272 3119 1360 3205 prius

259 3228 406 3293 dedicata
420 3228 563 3304 ecclesia,
579 3228 668 3305 obiit,
684 3241 718 3293 et
732 3228 854 3293 ibidem
868 3227 1010 3314 sepultus
1025 3240 1083 3292 est.
1127 3229 1227 3314 Cujus
1246 3251 1359 3313 corpus

257 3352 330 3426 post
344 3337 501 3405 XXXVI
512 3361 615 3403 annos
627 3338 788 3424 integrum
810 3353 843 3404 et
866 3341 1089 3424 incorruptum
1110 3339 1277 3404 inventurn
1299 3352 1359 3416 est,

259 3461 293 3514 et
307 3448 530 3514 venerabiliter
552 3449 749 3527 translatum,
764 3462 798 3514 et
820 3449 854 3512 in
875 3449 991 3514 feretro
1006 3449 1181 3535 repositum
1195 3450 1230 3513 in
1245 3449 1360 3514 eodem

260 3560 454 3625 monasterio
462 3583 472 3637 3
495 3559 553 3625 ubi
569 3559 670 3624 multa
685 3541 913 3626 miraculorum
927 3545 1065 3647 insignia
1079 3561 1292 3646 contigerunt.

302 3669 391 3735 Infra
412 3683 560 3737 octavum
582 3657 799 3757 depositionis
812 3694 876 3737 suae
898 3671 985 3736 diem
1007 3685 1188 3738 contractus
1217 3672 1358 3758 quidam,

257 3778 467 3868 Normannus
495 3782 640 3859 nomine,
664 3805 761 3866 quem
790 3783 858 3868 ipse
887 3804 944 3846 rex
972 3781 1083 3846 vivens
1114 3782 1197 3846 alere
1227 3782 1359 3861 solebat,

257 3889 362 3954 nervis
372 3890 406 3953 in
429 3891 548 3976 poplite
564 3894 744 3970 contractis
760 3892 895 3977 pedibus
915 3892 1069 3957 etiamad
1090 3892 1223 3958 celanda
1237 3908 1359 3959 naturae

259 4000 439 4080 contractis,
461 4000 502 4064 ad
522 4001 591 4086 ejus
612 4001 771 4065 tumulum
791 4003 922 4066 veniens
942 4002 1113 4068 convaluit.
1158 4002 1284 4068 Ibidem
1304 4027 1360 4070 sex

260 4113 337 4176 caeci
347 4125 380 4176 et
391 4135 473 4176 unns
482 4111 669 4176 monoculus
678 4112 745 4176 dux
755 4135 866 4177 eorum
876 4112 977 4177 visum
989 4113 1150 4200 integrum
1160 4129 1357 4198 receperunt.

259 4221 355 4286 Idem
387 4235 514 4287 sanctus
547 4244 700 4310 apparens
732 4223 828 4289 Alexi
850 4223 956 4288 abbati
979 4223 1169 4311 Rameseyee
1197 4224 1360 4290 mandavit

184 4366 192 4377 ·
263 4329 405 4395 Haraldo
427 4345 607 4418 pugnaturo
630 4347 740 4398 contra
761 4332 888 4399 fratrem
911 4357 1004 4400 suum
1029 4333 1199 4400 Tostinum
1226 4347 1259 4400 et
1285 4358 1359 4401 suos
