3252 5170
539 522 583 568 ux
605 523 692 569 urar.
715 523 915 569 suanorum.
963 522 969 542 ¹
1206 507 1267 570 143

213 673 341 740 Centiae
356 673 390 737 in
406 673 549 738 dominio
564 674 645 738 illud
660 675 822 752 tenebant,
834 697 921 740 nunc
936 674 1031 740 alicui
1042 675 1093 739 vel
1108 675 1266 760 aliquibus

209 783 329 848 dabant
343 783 432 847 illud.
480 783 576 847 Unde
591 784 762 867 aliquando
777 807 834 849 rex
858 807 941 849 unus
957 785 999 850 ibi
1003 798 1090 886 prat,
1103 783 1273 869 aliquando

215 892 310 957 multi
333 892 445 978 reguli.
492 892 636 957 Ultimus
661 905 768 1000 tamqn
784 894 963 979 Anglorum
989 897 1048 959 sub
1072 917 1147 980 rege
1163 894 1266 958 West-

211 1025 294 1068 sesac
313 1002 457 1088 regnavit
477 1001 597 1066 ibidem
616 1016 742 1067 sanctus
758 1003 958 1069 Edmundus.
1006 1005 1080 1070 Quo
1102 1003 1269 1067 interfecto

210 1113 356 1199 regnavit
383 1111 528 1176 Gutbrus
554 1113 674 1177 Dacus.
708 1114 824 1177 Postea
845 1136 980 1200 reguum
1003 1115 1167 1178 minutum
1189 1111 1272 1176 Daci

211 1222 319 1309 partiti
334 1233 409 1286 sunt
420 1245 430 1297 ;
453 1220 577 1304 fuitque
593 1223 652 1286 sub
672 1221 718 1286 eis
738 1244 839 1307 usque
859 1222 938 1287 dum
960 1225 1027 1309 regi
1042 1221 1199 1287 Eduardo
1226 1243 1268 1284 ex

211 1330 350 1394 maxima
375 1342 464 1415 parte
481 1329 624 1413 subjecta
639 1343 697 1393 est.
744 1328 809 1392 Hic
824 1330 924 1414 igitur
939 1353 1075 1418 regnum
1092 1327 1270 1416 Estangliae

212 1439 356 1505 dominio
371 1438 544 1504 Wcstsexae
559 1440 747 1525 contingens
762 1439 904 1526 explicit.

265 1771 324 1837 VL
350 1771 457 1859 Reges
479 1771 609 1836 Merciae
623 1771 657 1836 bi
673 1784 747 1837 sunt
761 1794 802 1836 ex
817 1771 928 1837 ordine

256 1992 355 2059 Crida
364 1993 493 2078 primus.
506 1992 630 2058 Wibba.
642 1992 807 2059 Cheorlus.
825 1993 946 2070 Panda,
958 1993 1074 2070 Peada,
1088 1991 1267 2069 Wulthera

218 2116 381 2194 Ethelred,
404 2117 463 2180 filii
478 2114 609 2182 Pendae.
631 2115 696 2180 Iste
717 2117 860 2202 regnavit
870 2115 966 2202 ,XXI
978 2117 1078 2193 annis,
1089 2127 1122 2180 et
1136 2115 1270 2201 gloriose

155 2293 158 2298 .
214 2230 390 2295 monachus
405 2229 537 2295 effectus
552 2240 610 2295 est.

260 2338 443 2417 Kenredus‚
483 2350 637 2424 cognatus
681 2338 761 2423 ejus,
802 2337 946 2423 regnavit
988 2336 1128 2421 quinque
1169 2334 1272 2412 annis,

218 2447 422 2533 Romamque
436 2447 528 2534 petiit
543 2458 575 2511 et
589 2445 776 2510 victoriosus
792 2445 1015 2509 monachatum
1031 2444 1185 2530 suscepit.

258 2558 442 2635 ceolredus,
466 2557 550 2621 filius
574 2555 740 2620 Ethelredi
763 2555 856 2641 regis,
887 2555 1031 2642 regnavit
1062 2552 1147 2619 VIII
1167 2553 1269 2632 annis,

215 2669 439 2756 pugnavitque¹
451 2666 554 2732 valide
570 2651 681 2731 contra
694 2687 803 2751 regem
819 2665 922 2729 Inam.

260 2777 470 2845 Ilthelbaldus
480 2777 633 2861 superbus
647 2776 792 2862 regnavit
807 2775 891 2840 XLI
906 2797 1002 2840 anno.
1037 2774 1102 2839 Hic
1116 2772 1269 2860 praedavit

224 2888 499 2966 Northumbriam,
525 2887 664 2972 vicitque
687 2899 815 2973 gentem
834 2885 963 2962 Walliae,
980 2884 1169 2970 praefuitque
1183 2884 1268 2970 regi-

219 3000 279 3063 bus
294 2999 442 3063 omnibus
453 2996 589 3082 Angliae,
600 2994 656 3059 sed
668 2993 797 3059 tandem
812 3017 831 3058 a
846 2994 1012 3059 Cuthredo
1029 3016 1103 3081 rege
1119 2995 1222 3058 victus
1238 3005 1272 3058 et

216 3121 326 3196 postea
341 3107 461 3172 occisus
476 3118 537 3170 est.

262 3216 465 3282 Beornredus
497 3216 514 3279 I
543 3238 628 3279 anno
654 3235 791 3301 regnum
813 3215 933 3280 tenuit:
957 3213 1014 3280 sed
1043 3215 1118 3281 offa
1144 3215 1266 3280 validus

218 3351 293 3393 eum
309 3327 480 3413 aufugavit.

261 3438 335 3504 offa
350 3435 508 3501 XXXIX
531 3436 623 3499 annis
637 3457 771 3520 regnum
787 3435 901 3498 tenuit.
918 3435 952 3498 Is
976 3455 1083 3520 regem
1100 3434 1269 3500 Westsexae

217 3549 424 3614 Kenwulfum
439 3547 522 3613 bello
538 3533 706 3611 minoravit
721 3558 754 3610 et
769 3546 955 3609 Cantienses
970 3556 1002 3608 et
1019 3544 1053 3608 N
1054 3545 1264 3610 orthumbros.

262 3660 423 3746 ngridus,
444 3660 530 3723 filius
551 3657 643 3733 Offae,
665 3679 730 3720 uno
751 3655 793 3720 ad
815 3655 945 3741 plenum
969 3677 1053 3720 anno
1078 3657 1182 3720 vivere
1205 3679 1270 3721 non

221 3771 356 3835 suffecit.

267 3879 459 3944 Kenwulfus
474 3879 618 3965 regnavit
632 3876 716 3941 XVI
732 3879 823 3941 annis
848 3877 980 3963 pacifice
1001 3889 1034 3942 et
1057 3889 1200 3942 mortuus
1223 3890 1271 3942 est
1377 3871 1383 3882 ’

223 3992 385 4056 communi
401 4003 512 4053 morte.

258 4099 448 4164 ceolwulfus
463 4097 517 4161 III
531 4097 623 4163 annis
634 4119 769 4183 regnum
785 4097 897 4174 tenuit,
914 4095 1000 4183 quod
1016 4109 1091 4162 tunc
1102 4095 1133 4162 ei
1145 4094 1268 4168 Beom·

221 4209 334 4275 wulfus
349 4209 438 4274 ferox
452 4207 591 4293 diripuit.
