<?xml version="1.0" encoding="UTF-8"?>
<!DOCTYPE html PUBLIC "-//W3C//DTD XHTML 1.0 Transitional//EN"
    "http://www.w3.org/TR/xhtml1/DTD/xhtml1-transitional.dtd">
<html xmlns="http://www.w3.org/1999/xhtml" xml:lang="en" lang="en">
 <head>
  <title>
</title>
<meta http-equiv="Content-Type" content="text/html;charset=utf-8" />
  <meta name='ocr-system' content='tesseract 3.04.00' />
  <meta name='ocr-capabilities' content='ocr_page ocr_carea ocr_par ocr_line ocrx_word'/>
</head>
<body>
  <div class='ocr_page' id='page_1' title='image "./chroniconhenric01henrgoog_0018.png"; bbox 0 0 3212 5206; ppageno 0'>
   <div class='ocr_carea' id='block_1_1' title="bbox 245 467 1302 535">
    <p class='ocr_par' dir='ltr' id='par_1_1' title="bbox 245 467 1302 535">
     <span class='ocr_line' id='line_1_1' title="bbox 245 467 1302 535; baseline 0.001 -6"><span class='ocrx_word' id='word_1_1' title='bbox 245 488 270 530; x_wconf 75' lang='lat' dir='ltr'><strong>a.</strong></span> <span class='ocrx_word' id='word_1_2' title='bbox 285 487 414 535; x_wconf 74' lang='lat' dir='ltr'><strong>naono]</strong></span> <span class='ocrx_word' id='word_1_3' title='bbox 691 485 869 527; x_wconf 78' lang='lat' dir='ltr'><strong>curtorucou.</strong></span> <span class='ocrx_word' id='word_1_4' title='bbox 945 467 949 476; x_wconf 81' lang='grc'><em>’</em></span> <span class='ocrx_word' id='word_1_5' title='bbox 1267 488 1302 530; x_wconf 65' lang='lat' dir='ltr'><strong>‘ra</strong></span> 
     </span>
    </p>
   </div>
   <div class='ocr_carea' id='block_1_2' title="bbox 167 604 1368 3832">
    <p class='ocr_par' dir='ltr' id='par_1_2' title="bbox 167 604 1298 823">
     <span class='ocr_line' id='line_1_2' title="bbox 167 604 1298 710; baseline -0.002 -18"><span class='ocrx_word' id='word_1_6' title='bbox 167 604 174 614; x_wconf 43' lang='lat'><strong>⁶</strong></span> <span class='ocrx_word' id='word_1_7' title='bbox 244 648 316 692; x_wconf 89' lang='lat' dir='ltr'><strong>cere</strong></span> <span class='ocrx_word' id='word_1_8' title='bbox 337 623 471 700; x_wconf 89' lang='lat' dir='ltr'><strong>liberati,</strong></span> <span class='ocrx_word' id='word_1_9' title='bbox 492 646 593 710; x_wconf 92' lang='lat' dir='ltr'><strong>quum</strong></span> <span class='ocrx_word' id='word_1_10' title='bbox 604 623 701 688; x_wconf 89' lang='lat' dir='ltr'><strong>Utter</strong></span> <span class='ocrx_word' id='word_1_11' title='bbox 720 623 942 708; x_wconf 84' lang='lat' dir='ltr'><strong>Pendragono,</strong></span> <span class='ocrx_word' id='word_1_12' title='bbox 956 623 1013 710; x_wconf 92' lang='lat' dir='ltr'><strong>qui</strong></span> <span class='ocrx_word' id='word_1_13' title='bbox 1023 624 1155 689; x_wconf 91' lang='lat' dir='ltr'><strong>Aurelio</strong></span> <span class='ocrx_word' id='word_1_14' title='bbox 1171 647 1298 690; x_wconf 86' lang='lat' dir='ltr'><strong>succes·</strong></span> 
     </span>
     <span class='ocr_line' id='line_1_3' title="bbox 243 735 1273 823; baseline -0.001 -21"><span class='ocrx_word' id='word_1_15' title='bbox 243 739 284 802; x_wconf 89' lang='lat' dir='ltr'><strong>sit</strong></span> <span class='ocrx_word' id='word_1_16' title='bbox 306 737 341 801; x_wconf 89' lang='lat' dir='ltr'><strong>in</strong></span> <span class='ocrx_word' id='word_1_17' title='bbox 362 758 508 822; x_wconf 85' lang='lat' dir='ltr'><strong>regnum,</strong></span> <span class='ocrx_word' id='word_1_18' title='bbox 531 735 718 800; x_wconf 86' lang='lat' dir='ltr'><strong>molirentur</strong></span> <span class='ocrx_word' id='word_1_19' title='bbox 739 737 937 822; x_wconf 87' lang='lat' dir='ltr'><strong>impugnare,</strong></span> <span class='ocrx_word' id='word_1_20' title='bbox 961 736 1078 801; x_wconf 89' lang='lat' dir='ltr'><strong>devicti</strong></span> <span class='ocrx_word' id='word_1_21' title='bbox 1101 737 1273 823; x_wconf 89' lang='lat' dir='ltr'><strong>perierunt.</strong></span> 
     </span>
    </p>

    <p class='ocr_par' dir='ltr' id='par_1_3' title="bbox 245 831 1368 1492">
     <span class='ocr_line' id='line_1_4' title="bbox 286 831 1368 934; baseline 0.001 -23"><span class='ocrx_word' id='word_1_22' title='bbox 286 845 347 912; x_wconf 89' lang='lat' dir='ltr'><strong>IV.</strong></span> <span class='ocrx_word' id='word_1_23' title='bbox 363 847 579 922; x_wconf 89' lang='lat' dir='ltr'><strong>Yrmenricus,</strong></span> <span class='ocrx_word' id='word_1_24' title='bbox 595 847 676 912; x_wconf 88' lang='lat' dir='ltr'><strong>filius</strong></span> <span class='ocrx_word' id='word_1_25' title='bbox 693 847 793 925; x_wconf 87' lang='lat' dir='ltr'><strong>Octae,</strong></span> <span class='ocrx_word' id='word_1_26' title='bbox 809 849 958 912; x_wconf 89' lang='lat' dir='ltr'><strong>successit</strong></span> <span class='ocrx_word' id='word_1_27' title='bbox 972 849 1006 911; x_wconf 95' lang='lat' dir='ltr'><strong>in</strong></span> <span class='ocrx_word' id='word_1_28' title='bbox 1026 831 1171 934; x_wconf 81' lang='lat' dir='ltr'><strong>regnum,</strong></span> <span class='ocrx_word' id='word_1_29' title='bbox 1194 848 1297 913; x_wconf 89' lang='lat' dir='ltr'><strong>solum</strong></span> <span class='ocrx_word' id='word_1_30' title='bbox 1362 901 1368 912; x_wconf 87' lang='lat'><strong>.</strong></span> 
     </span>
     <span class='ocr_line' id='line_1_5' title="bbox 246 958 1296 1043; baseline 0.001 -19"><span class='ocrx_word' id='word_1_31' title='bbox 246 971 372 1024; x_wconf 89' lang='lat' dir='ltr'><strong>tantum</strong></span> <span class='ocrx_word' id='word_1_32' title='bbox 395 958 526 1023; x_wconf 92' lang='lat' dir='ltr'><strong>nomine</strong></span> <span class='ocrx_word' id='word_1_33' title='bbox 541 971 646 1035; x_wconf 89' lang='lat' dir='ltr'><strong>notus,</strong></span> <span class='ocrx_word' id='word_1_34' title='bbox 668 960 730 1023; x_wconf 92' lang='lat' dir='ltr'><strong>nisi</strong></span> <span class='ocrx_word' id='word_1_35' title='bbox 752 959 837 1043; x_wconf 91' lang='lat' dir='ltr'><strong>quod</strong></span> <span class='ocrx_word' id='word_1_36' title='bbox 859 959 950 1023; x_wconf 92' lang='lat' dir='ltr'><strong>illum</strong></span> <span class='ocrx_word' id='word_1_37' title='bbox 973 959 1217 1024; x_wconf 88' lang='lat' dir='ltr'><strong>famosissimum</strong></span> <span class='ocrx_word' id='word_1_38' title='bbox 1249 982 1296 1025; x_wconf 90' lang='lat' dir='ltr'><strong>re-</strong></span> 
     </span>
     <span class='ocr_line' id='line_1_6' title="bbox 245 1070 1297 1159; baseline 0.004 -23"><span class='ocrx_word' id='word_1_39' title='bbox 245 1094 321 1159; x_wconf 86' lang='lat' dir='ltr'><strong>gem</strong></span> <span class='ocrx_word' id='word_1_40' title='bbox 351 1071 464 1158; x_wconf 80' lang='lat' dir='ltr'><strong>genuit</strong></span> <span class='ocrx_word' id='word_1_41' title='bbox 497 1070 738 1149; x_wconf 84' lang='lat' dir='ltr'><strong>Ethelbertum3</strong></span> <span class='ocrx_word' id='word_1_42' title='bbox 777 1073 942 1137; x_wconf 89' lang='lat' dir='ltr'><strong>amborum</strong></span> <span class='ocrx_word' id='word_1_43' title='bbox 977 1073 1180 1159; x_wconf 85' lang='lat' dir='ltr'><strong>temporibus,</strong></span> <span class='ocrx_word' id='word_1_44' title='bbox 1206 1073 1297 1140; x_wconf 86' lang='lat' dir='ltr'><strong>Octae</strong></span> 
     </span>
     <span class='ocr_line' id='line_1_7' title="bbox 249 1180 1297 1270; baseline 0.001 -22"><span class='ocrx_word' id='word_1_45' title='bbox 249 1184 370 1248; x_wconf 91' lang='lat' dir='ltr'><strong>scilicet</strong></span> <span class='ocrx_word' id='word_1_46' title='bbox 391 1196 424 1247; x_wconf 92' lang='lat' dir='ltr'><strong>et</strong></span> <span class='ocrx_word' id='word_1_47' title='bbox 446 1180 637 1260; x_wconf 90' lang='lat' dir='ltr'><strong>Yrmcnrici,</strong></span> <span class='ocrx_word' id='word_1_48' title='bbox 662 1183 893 1270; x_wconf 84' lang='lat' dir='ltr'><strong>quinguaginta</strong></span> <span class='ocrx_word' id='word_1_49' title='bbox 924 1197 957 1248; x_wconf 92' lang='lat' dir='ltr'><strong>et</strong></span> <span class='ocrx_word' id='word_1_50' title='bbox 979 1195 1041 1248; x_wconf 89' lang='lat' dir='ltr'><strong>tres</strong></span> <span class='ocrx_word' id='word_1_51' title='bbox 1075 1184 1151 1248; x_wconf 86' lang='lat' dir='ltr'><strong>anni</strong></span> <span class='ocrx_word' id='word_1_52' title='bbox 1182 1183 1297 1269; x_wconf 92' lang='lat' dir='ltr'><strong>deput-</strong></span> 
     </span>
     <span class='ocr_line' id='line_1_8' title="bbox 247 1293 1297 1381; baseline 0.001 -21"><span class='ocrx_word' id='word_1_53' title='bbox 247 1308 343 1361; x_wconf 90' lang='lat' dir='ltr'><strong>antur</strong></span> <span class='ocrx_word' id='word_1_54' title='bbox 365 1295 398 1359; x_wconf 94' lang='lat' dir='ltr'><strong>in</strong></span> <span class='ocrx_word' id='word_1_55' title='bbox 417 1294 599 1371; x_wconf 85' lang='lat' dir='ltr'><strong>Chronicis3</strong></span> <span class='ocrx_word' id='word_1_56' title='bbox 623 1293 679 1358; x_wconf 90' lang='lat' dir='ltr'><strong>sed</strong></span> <span class='ocrx_word' id='word_1_57' title='bbox 702 1296 728 1359; x_wconf 91' lang='lat' dir='ltr'><strong>si</strong></span> <span class='ocrx_word' id='word_1_58' title='bbox 739 1295 940 1381; x_wconf 82' lang='lat' dir='ltr'><strong>singulariter</strong></span> <span class='ocrx_word' id='word_1_59' title='bbox 952 1294 1001 1359; x_wconf 86' lang='lat' dir='ltr'><strong>vel</strong></span> <span class='ocrx_word' id='word_1_60' title='bbox 1013 1296 1225 1362; x_wconf 89' lang='lat' dir='ltr'><strong>communiter</strong></span> <span class='ocrx_word' id='word_1_61' title='bbox 1246 1319 1297 1361; x_wconf 89' lang='lat' dir='ltr'><strong>re·</strong></span> 
     </span>
     <span class='ocr_line' id='line_1_9' title="bbox 246 1405 765 1492; baseline 0.002 -22"><span class='ocrx_word' id='word_1_62' title='bbox 246 1409 422 1492; x_wconf 85' lang='lat' dir='ltr'><strong>guaverint,</strong></span> <span class='ocrx_word' id='word_1_63' title='bbox 445 1406 571 1490; x_wconf 89' lang='lat' dir='ltr'><strong>penitus</strong></span> <span class='ocrx_word' id='word_1_64' title='bbox 592 1405 765 1491; x_wconf 87' lang='lat' dir='ltr'><strong>ignoratur.</strong></span> 
     </span>
    </p>

    <p class='ocr_par' dir='ltr' id='par_1_4' title="bbox 243 1516 1300 2824">
     <span class='ocr_line' id='line_1_10' title="bbox 289 1516 1296 1606; baseline 0.002 -24"><span class='ocrx_word' id='word_1_65' title='bbox 289 1517 330 1582; x_wconf 91' lang='lat' dir='ltr'><strong>V.</strong></span> <span class='ocrx_word' id='word_1_66' title='bbox 355 1516 559 1582; x_wconf 87' lang='lat' dir='ltr'><strong>Ethelbertus</strong></span> <span class='ocrx_word' id='word_1_67' title='bbox 580 1517 687 1604; x_wconf 80' lang='lat' dir='ltr'><strong>igitur,</strong></span> <span class='ocrx_word' id='word_1_68' title='bbox 718 1519 753 1582; x_wconf 92' lang='lat' dir='ltr'><strong>in</strong></span> <span class='ocrx_word' id='word_1_69' title='bbox 786 1539 922 1604; x_wconf 83' lang='lat' dir='ltr'><strong>regnum</strong></span> <span class='ocrx_word' id='word_1_70' title='bbox 950 1519 1034 1606; x_wconf 88' lang='lat' dir='ltr'><strong>patri</strong></span> <span class='ocrx_word' id='word_1_71' title='bbox 1056 1519 1239 1597; x_wconf 77' lang='lat' dir='ltr'><strong>succedens,</strong></span> <span class='ocrx_word' id='word_1_72' title='bbox 1262 1521 1296 1584; x_wconf 92' lang='lat' dir='ltr'><strong>in</strong></span> 
     </span>
     <span class='ocr_line' id='line_1_11' title="bbox 246 1627 1296 1717; baseline 0.002 -24"><span class='ocrx_word' id='word_1_73' title='bbox 246 1629 357 1717; x_wconf 90' lang='lat' dir='ltr'><strong>primis</strong></span> <span class='ocrx_word' id='word_1_74' title='bbox 387 1629 478 1712; x_wconf 86' lang='lat' dir='ltr'><strong>regni</strong></span> <span class='ocrx_word' id='word_1_75' title='bbox 510 1627 715 1714; x_wconf 74' lang='lat' dir='ltr'><strong>temporibus</strong></span> <span class='ocrx_word' id='word_1_76' title='bbox 747 1627 858 1693; x_wconf 90' lang='lat' dir='ltr'><strong>vicinis</strong></span> <span class='ocrx_word' id='word_1_77' title='bbox 891 1629 1019 1713; x_wconf 85' lang='lat' dir='ltr'><strong>regibus</strong></span> <span class='ocrx_word' id='word_1_78' title='bbox 1049 1629 1111 1694; x_wconf 90' lang='lat' dir='ltr'><strong>fuit</strong></span> <span class='ocrx_word' id='word_1_79' title='bbox 1141 1629 1296 1710; x_wconf 69' lang='lat' dir='ltr'><strong>ridiculo,</strong></span> 
     </span>
     <span class='ocr_line' id='line_1_12' title="bbox 247 1738 1299 1826; baseline 0 -22"><span class='ocrx_word' id='word_1_80' title='bbox 247 1739 414 1826; x_wconf 92' lang='lat' dir='ltr'><strong>postmodo</strong></span> <span class='ocrx_word' id='word_1_81' title='bbox 435 1761 520 1816; x_wconf 89' lang='lat' dir='ltr'><strong>vero,</strong></span> <span class='ocrx_word' id='word_1_82' title='bbox 543 1761 645 1825; x_wconf 92' lang='lat' dir='ltr'><strong>quum</strong></span> <span class='ocrx_word' id='word_1_83' title='bbox 667 1738 896 1805; x_wconf 86' lang='lat' dir='ltr'>adolescentior</span> <span class='ocrx_word' id='word_1_84' title='bbox 916 1753 1008 1817; x_wconf 89' lang='lat' dir='ltr'><strong>esset,</strong></span> <span class='ocrx_word' id='word_1_85' title='bbox 1031 1741 1065 1803; x_wconf 95' lang='lat' dir='ltr'><strong>in</strong></span> <span class='ocrx_word' id='word_1_86' title='bbox 1087 1741 1176 1805; x_wconf 85' lang='lat' dir='ltr'><strong>brevi</strong></span> <span class='ocrx_word' id='word_1_87' title='bbox 1201 1741 1299 1806; x_wconf 87' lang='lat' dir='ltr'><strong>crevit</strong></span> 
     </span>
     <span class='ocr_line' id='line_1_13' title="bbox 250 1849 1296 1936; baseline 0 -22"><span class='ocrx_word' id='word_1_88' title='bbox 250 1852 285 1914; x_wconf 92' lang='lat' dir='ltr'><strong>in</strong></span> <span class='ocrx_word' id='word_1_89' title='bbox 307 1873 346 1915; x_wconf 96' lang='lat' dir='ltr'><strong>eo</strong></span> <span class='ocrx_word' id='word_1_90' title='bbox 376 1849 501 1928; x_wconf 89' lang='lat' dir='ltr'><strong>militia,</strong></span> <span class='ocrx_word' id='word_1_91' title='bbox 524 1861 557 1914; x_wconf 90' lang='lat' dir='ltr'><strong>et</strong></span> <span class='ocrx_word' id='word_1_92' title='bbox 578 1850 723 1914; x_wconf 90' lang='lat' dir='ltr'><strong>nationes</strong></span> <span class='ocrx_word' id='word_1_93' title='bbox 746 1849 926 1936; x_wconf 86' lang='lat' dir='ltr'><strong>Anglorum</strong></span> <span class='ocrx_word' id='word_1_94' title='bbox 948 1862 1064 1936; x_wconf 87' lang='lat' dir='ltr'><strong>praeter</strong></span> <span class='ocrx_word' id='word_1_95' title='bbox 1086 1849 1296 1916; x_wconf 89' lang='lat' dir='ltr'><strong>Northanim-</strong></span> 
     </span>
     <span class='ocr_line' id='line_1_14' title="bbox 247 1958 1297 2046; baseline 0 -20"><span class='ocrx_word' id='word_1_96' title='bbox 247 1962 321 2026; x_wconf 87' lang='lat' dir='ltr'><strong>bros</strong></span> <span class='ocrx_word' id='word_1_97' title='bbox 365 1959 525 2025; x_wconf 86' lang='lat' dir='ltr'><strong>continuis</strong></span> <span class='ocrx_word' id='word_1_98' title='bbox 557 1959 694 2042; x_wconf 82' lang='lat' dir='ltr'><strong>victoriis</strong></span> <span class='ocrx_word' id='word_1_99' title='bbox 731 1959 912 2044; x_wconf 82' lang='lat' dir='ltr'><strong>subjugavit</strong></span> <span class='ocrx_word' id='word_1_100' title='bbox 948 1958 1101 2040; x_wconf 89' lang='lat' dir='ltr'><strong>domitos;</strong></span> <span class='ocrx_word' id='word_1_101' title='bbox 1138 1960 1297 2046; x_wconf 87' lang='lat' dir='ltr'><strong>filiamque</strong></span> 
     </span>
     <span class='ocr_line' id='line_1_15' title="bbox 254 2068 1300 2158; baseline 0.002 -21"><span class='ocrx_word' id='word_1_102' title='bbox 254 2072 338 2158; x_wconf 85' lang='lat' dir='ltr'><strong>regis</strong></span> <span class='ocrx_word' id='word_1_103' title='bbox 362 2070 513 2147; x_wconf 79' lang='lat' dir='ltr'><strong>Francius,</strong></span> <span class='ocrx_word' id='word_1_104' title='bbox 538 2068 668 2134; x_wconf 89' lang='lat' dir='ltr'><strong>Bertam</strong></span> <span class='ocrx_word' id='word_1_105' title='bbox 691 2070 833 2148; x_wconf 92' lang='lat' dir='ltr'><strong>nomine,</strong></span> <span class='ocrx_word' id='word_1_106' title='bbox 860 2071 1072 2136; x_wconf 84' lang='lat' dir='ltr'><strong>Christianam</strong></span> <span class='ocrx_word' id='word_1_107' title='bbox 1087 2073 1223 2152; x_wconf 91' lang='lat' dir='ltr'><strong>actione,</strong></span> <span class='ocrx_word' id='word_1_108' title='bbox 1247 2097 1300 2139; x_wconf 92' lang='lat' dir='ltr'><strong>ac-</strong></span> 
     </span>
     <span class='ocr_line' id='line_1_16' title="bbox 243 2181 1291 2271; baseline -0.001 -21"><span class='ocrx_word' id='word_1_109' title='bbox 243 2185 329 2271; x_wconf 92' lang='lat' dir='ltr'><strong>cepit</strong></span> <span class='ocrx_word' id='word_1_110' title='bbox 351 2205 502 2259; x_wconf 84' lang='lat' dir='ltr'><strong>uxorem3</strong></span> <span class='ocrx_word' id='word_1_111' title='bbox 538 2205 635 2266; x_wconf 85' lang='lat' dir='ltr'><strong>quam</strong></span> <span class='ocrx_word' id='word_1_112' title='bbox 657 2183 688 2246; x_wconf 92' lang='lat' dir='ltr'><strong>ei</strong></span> <span class='ocrx_word' id='word_1_113' title='bbox 711 2181 825 2246; x_wconf 85' lang='lat' dir='ltr'><strong>Franci</strong></span> <span class='ocrx_word' id='word_1_114' title='bbox 853 2205 890 2248; x_wconf 91' lang='lat' dir='ltr'><strong>ea</strong></span> <span class='ocrx_word' id='word_1_115' title='bbox 910 2197 1130 2248; x_wconf 84' lang='lat' dir='ltr'><strong>concesserant</strong></span> <span class='ocrx_word' id='word_1_116' title='bbox 1154 2185 1291 2250; x_wconf 92' lang='lat' dir='ltr'><strong>conditi-</strong></span> 
     </span>
     <span class='ocr_line' id='line_1_17' title="bbox 251 2291 1300 2381; baseline 0.001 -21"><span class='ocrx_word' id='word_1_117' title='bbox 251 2317 323 2371; x_wconf 91' lang='lat' dir='ltr'><strong>one,</strong></span> <span class='ocrx_word' id='word_1_118' title='bbox 346 2305 383 2358; x_wconf 94' lang='lat' dir='ltr'><strong>ut</strong></span> <span class='ocrx_word' id='word_1_119' title='bbox 404 2292 463 2356; x_wconf 91' lang='lat' dir='ltr'><strong>sub</strong></span> <span class='ocrx_word' id='word_1_120' title='bbox 491 2291 634 2356; x_wconf 88' lang='lat' dir='ltr'><strong>custodia</strong></span> <span class='ocrx_word' id='word_1_121' title='bbox 657 2291 820 2378; x_wconf 91' lang='lat' dir='ltr'><strong>cujusdam</strong></span> <span class='ocrx_word' id='word_1_122' title='bbox 846 2293 996 2381; x_wconf 88' lang='lat' dir='ltr'><strong>episcopi,</strong></span> <span class='ocrx_word' id='word_1_123' title='bbox 1014 2295 1143 2359; x_wconf 85' lang='lat' dir='ltr'><strong>nornine</strong></span> <span class='ocrx_word' id='word_1_124' title='bbox 1165 2295 1300 2361; x_wconf 90' lang='lat' dir='ltr'><strong>Leutar-</strong></span> 
     </span>
     <span class='ocr_line' id='line_1_18' title="bbox 250 2402 1299 2482; baseline 0.004 -14"><span class='ocrx_word' id='word_1_125' title='bbox 250 2404 294 2482; x_wconf 92' lang='lat' dir='ltr'><strong>di,</strong></span> <span class='ocrx_word' id='word_1_126' title='bbox 334 2405 433 2468; x_wconf 90' lang='lat' dir='ltr'><strong>ritum</strong></span> <span class='ocrx_word' id='word_1_127' title='bbox 463 2402 707 2468; x_wconf 82' lang='lat' dir='ltr'><strong>Christianitatis</strong></span> <span class='ocrx_word' id='word_1_128' title='bbox 740 2403 930 2469; x_wconf 86' lang='lat' dir='ltr'><strong>observaret.</strong></span> <span class='ocrx_word' id='word_1_129' title='bbox 997 2405 1062 2469; x_wconf 91' lang='lat' dir='ltr'><strong>Hic</strong></span> <span class='ocrx_word' id='word_1_130' title='bbox 1094 2406 1299 2472; x_wconf 90' lang='lat' dir='ltr'><strong>Ethelbertus</strong></span> 
     </span>
     <span class='ocr_line' id='line_1_19' title="bbox 251 2514 1298 2602; baseline 0.005 -22"><span class='ocrx_word' id='word_1_131' title='bbox 251 2515 397 2581; x_wconf 87' lang='lat' dir='ltr'><strong>condidit</strong></span> <span class='ocrx_word' id='word_1_132' title='bbox 419 2515 506 2602; x_wconf 85' lang='lat' dir='ltr'><strong>leges</strong></span> <span class='ocrx_word' id='word_1_133' title='bbox 535 2514 716 2602; x_wconf 88' lang='lat' dir='ltr'><strong>Anglorum</strong></span> <span class='ocrx_word' id='word_1_134' title='bbox 738 2515 876 2602; x_wconf 82' lang='lat' dir='ltr'><strong>Anglico</strong></span> <span class='ocrx_word' id='word_1_135' title='bbox 892 2515 1054 2594; x_wconf 85' lang='lat' dir='ltr'><strong>idiomate,</strong></span> <span class='ocrx_word' id='word_1_136' title='bbox 1078 2519 1192 2602; x_wconf 91' lang='lat' dir='ltr'><strong>quibus</strong></span> <span class='ocrx_word' id='word_1_137' title='bbox 1213 2532 1298 2585; x_wconf 90' lang='lat' dir='ltr'><strong>uter-</strong></span> 
     </span>
     <span class='ocr_line' id='line_1_20' title="bbox 250 2627 1298 2714; baseline 0.002 -22"><span class='ocrx_word' id='word_1_138' title='bbox 250 2641 344 2693; x_wconf 90' lang='lat' dir='ltr'><strong>entur</strong></span> <span class='ocrx_word' id='word_1_139' title='bbox 373 2627 597 2714; x_wconf 86' lang='lat' dir='ltr'><strong>compatriotae.</strong></span> <span class='ocrx_word' id='word_1_140' title='bbox 656 2627 762 2692; x_wconf 75' lang='lat' dir='ltr'><strong>Quem</strong></span> <span class='ocrx_word' id='word_1_141' title='bbox 786 2650 885 2711; x_wconf 92' lang='lat' dir='ltr'><strong>quum</strong></span> <span class='ocrx_word' id='word_1_142' title='bbox 908 2629 1116 2693; x_wconf 84' lang='lat' dir='ltr'><strong>convertisset</strong></span> <span class='ocrx_word' id='word_1_143' title='bbox 1138 2629 1179 2693; x_wconf 92' lang='lat' dir='ltr'><strong>ad</strong></span> <span class='ocrx_word' id='word_1_144' title='bbox 1201 2630 1298 2695; x_wconf 90' lang='lat' dir='ltr'><strong>fidem</strong></span> 
     </span>
     <span class='ocr_line' id='line_1_21' title="bbox 250 2737 1299 2824; baseline 0.003 -21"><span class='ocrx_word' id='word_1_145' title='bbox 250 2738 462 2804; x_wconf 84' lang='lat' dir='ltr'><strong>Christianam</strong></span> <span class='ocrx_word' id='word_1_146' title='bbox 484 2737 596 2801; x_wconf 89' lang='lat' dir='ltr'><strong>beatus</strong></span> <span class='ocrx_word' id='word_1_147' title='bbox 618 2737 830 2822; x_wconf 71' lang='lat' dir='ltr'><strong>Augustinus</strong></span> <span class='ocrx_word' id='word_1_148' title='bbox 854 2761 873 2801; x_wconf 90' lang='lat' dir='ltr'><strong>a</strong></span> <span class='ocrx_word' id='word_1_149' title='bbox 894 2760 977 2823; x_wconf 90' lang='lat' dir='ltr'><strong>papa</strong></span> <span class='ocrx_word' id='word_1_150' title='bbox 1000 2740 1154 2824; x_wconf 84' lang='lat' dir='ltr'><strong>Gregorio</strong></span> <span class='ocrx_word' id='word_1_151' title='bbox 1176 2741 1299 2819; x_wconf 89' lang='lat' dir='ltr'><strong>missus,</strong></span> 
     </span>
    </p>

    <p class='ocr_par' dir='ltr' id='par_1_5' title="bbox 226 2847 1303 3832">
     <span class='ocr_line' id='line_1_22' title="bbox 226 2847 1299 2937; baseline 0.006 -25"><span class='ocrx_word' id='word_1_152' title='bbox 226 2900 233 2924; x_wconf 72' lang='grc'><em>,</em></span> <span class='ocrx_word' id='word_1_153' title='bbox 252 2847 342 2913; x_wconf 91' lang='lat' dir='ltr'><strong>dedit</strong></span> <span class='ocrx_word' id='word_1_154' title='bbox 356 2849 386 2911; x_wconf 92' lang='lat' dir='ltr'><strong>ei</strong></span> <span class='ocrx_word' id='word_1_155' title='bbox 401 2868 457 2912; x_wconf 83' lang='lat' dir='ltr'><strong>rex</strong></span> <span class='ocrx_word' id='word_1_156' title='bbox 472 2859 505 2911; x_wconf 90' lang='lat' dir='ltr'><strong>et</strong></span> <span class='ocrx_word' id='word_1_157' title='bbox 513 2849 744 2913; x_wconf 89' lang='lat' dir='ltr'><strong>successoribus</strong></span> <span class='ocrx_word' id='word_1_158' title='bbox 753 2849 818 2914; x_wconf 89' lang='lat' dir='ltr'><strong>suis</strong></span> <span class='ocrx_word' id='word_1_159' title='bbox 828 2851 953 2937; x_wconf 87' lang='lat' dir='ltr'><strong>regium</strong></span> <span class='ocrx_word' id='word_1_160' title='bbox 963 2850 1117 2937; x_wconf 86' lang='lat' dir='ltr'><strong>palatium</strong></span> <span class='ocrx_word' id='word_1_161' title='bbox 1132 2864 1165 2916; x_wconf 92' lang='lat' dir='ltr'><strong>et</strong></span> <span class='ocrx_word' id='word_1_162' title='bbox 1190 2853 1299 2918; x_wconf 88' lang='lat' dir='ltr'><strong>sedem</strong></span> 
     </span>
     <span class='ocr_line' id='line_1_23' title="bbox 252 2959 1299 3046; baseline 0.008 -24"><span class='ocrx_word' id='word_1_163' title='bbox 252 2974 439 3046; x_wconf 84' lang='lat' dir='ltr'><strong>perpetuam</strong></span> <span class='ocrx_word' id='word_1_164' title='bbox 468 2959 502 3022; x_wconf 94' lang='lat' dir='ltr'><strong>in</strong></span> <span class='ocrx_word' id='word_1_165' title='bbox 527 2959 655 3024; x_wconf 89' lang='lat' dir='ltr'><strong>civitate</strong></span> <span class='ocrx_word' id='word_1_166' title='bbox 677 2959 915 3026; x_wconf 90' lang='lat' dir='ltr'><strong>Dorobernensi</strong></span> <span class='ocrx_word' id='word_1_167' title='bbox 938 2985 1013 3027; x_wconf 92' lang='lat' dir='ltr'><strong>cum</strong></span> <span class='ocrx_word' id='word_1_168' title='bbox 1037 2962 1170 3028; x_wconf 90' lang='lat' dir='ltr'><strong>ecclesia</strong></span> <span class='ocrx_word' id='word_1_169' title='bbox 1191 2966 1299 3042; x_wconf 87' lang='lat' dir='ltr'><strong>veteri,</strong></span> 
     </span>
     <span class='ocr_line' id='line_1_24' title="bbox 251 3074 1300 3161; baseline 0.001 -22"><span class='ocrx_word' id='word_1_170' title='bbox 251 3097 325 3161; x_wconf 85' lang='lat' dir='ltr'><strong>quae</strong></span> <span class='ocrx_word' id='word_1_171' title='bbox 341 3074 380 3138; x_wconf 89' lang='lat' dir='ltr'><strong>ab</strong></span> <span class='ocrx_word' id='word_1_172' title='bbox 404 3074 535 3157; x_wconf 90' lang='lat' dir='ltr'><strong>antiquo</strong></span> <span class='ocrx_word' id='word_1_173' title='bbox 549 3079 693 3159; x_wconf 89' lang='lat' dir='ltr'><strong>tempore</strong></span> <span class='ocrx_word' id='word_1_174' title='bbox 711 3075 929 3140; x_wconf 88' lang='lat' dir='ltr'><strong>Romanorum</strong></span> <span class='ocrx_word' id='word_1_175' title='bbox 943 3075 1065 3140; x_wconf 91' lang='lat' dir='ltr'><strong>ibidem</strong></span> <span class='ocrx_word' id='word_1_176' title='bbox 1086 3075 1190 3142; x_wconf 87' lang='lat' dir='ltr'><strong>fuerat</strong></span> <span class='ocrx_word' id='word_1_177' title='bbox 1207 3076 1300 3141; x_wconf 87' lang='lat' dir='ltr'><strong>fabri-</strong></span> 
     </span>
     <span class='ocr_line' id='line_1_25' title="bbox 251 3185 1298 3272; baseline 0 -22"><span class='ocrx_word' id='word_1_178' title='bbox 251 3199 331 3263; x_wconf 89' lang='lat' dir='ltr'><strong>cata,</strong></span> <span class='ocrx_word' id='word_1_179' title='bbox 348 3204 364 3266; x_wconf 74' lang='lat' dir='ltr'><strong>t</strong></span> <span class='ocrx_word' id='word_1_180' title='bbox 381 3207 477 3270; x_wconf 88' lang='lat' dir='ltr'><strong>quam</strong></span> <span class='ocrx_word' id='word_1_181' title='bbox 497 3185 564 3269; x_wconf 91' lang='lat' dir='ltr'><strong>ipse</strong></span> <span class='ocrx_word' id='word_1_182' title='bbox 581 3185 793 3271; x_wconf 81' lang='lat' dir='ltr'><strong>Augustinus,</strong></span> <span class='ocrx_word' id='word_1_183' title='bbox 815 3194 888 3272; x_wconf 92' lang='lat' dir='ltr'><strong>post</strong></span> <span class='ocrx_word' id='word_1_184' title='bbox 909 3187 1180 3252; x_wconf 88' lang='lat' dir='ltr'><strong>consecrationem</strong></span> <span class='ocrx_word' id='word_1_185' title='bbox 1200 3210 1298 3264; x_wconf 88' lang='lat' dir='ltr'><strong>suam,</strong></span> 
     </span>
     <span class='ocr_line' id='line_1_26' title="bbox 251 3296 1302 3388; baseline 0.004 -27"><span class='ocrx_word' id='word_1_186' title='bbox 251 3297 364 3382; x_wconf 92' lang='lat' dir='ltr'><strong>(quam</strong></span> <span class='ocrx_word' id='word_1_187' title='bbox 387 3296 556 3362; x_wconf 91' lang='lat' dir='ltr'><strong>celebravit</strong></span> <span class='ocrx_word' id='word_1_188' title='bbox 574 3296 770 3362; x_wconf 88' lang='lat' dir='ltr'><strong>Arelatensis</strong></span> <span class='ocrx_word' id='word_1_189' title='bbox 790 3298 965 3383; x_wconf 89' lang='lat' dir='ltr'><strong>episcopus,</strong></span> <span class='ocrx_word' id='word_1_190' title='bbox 981 3314 1018 3365; x_wconf 92' lang='lat' dir='ltr'><strong>ut</strong></span> <span class='ocrx_word' id='word_1_191' title='bbox 1033 3299 1123 3365; x_wconf 88' lang='lat' dir='ltr'><strong>Beda</strong></span> <span class='ocrx_word' id='word_1_192' title='bbox 1137 3299 1248 3388; x_wconf 84' lang='lat' dir='ltr'><strong>refert)</strong></span> <span class='ocrx_word' id='word_1_193' title='bbox 1269 3301 1302 3365; x_wconf 88' lang='lat' dir='ltr'><strong>in</strong></span> 
     </span>
     <span class='ocr_line' id='line_1_27' title="bbox 252 3406 1302 3495; baseline 0.001 -21"><span class='ocrx_word' id='word_1_194' title='bbox 252 3410 383 3474; x_wconf 91' lang='lat' dir='ltr'><strong>nomine</strong></span> <span class='ocrx_word' id='word_1_195' title='bbox 399 3408 558 3474; x_wconf 87' lang='lat' dir='ltr'><strong>dedicavit</strong></span> <span class='ocrx_word' id='word_1_196' title='bbox 581 3406 760 3472; x_wconf 85' lang='lat' dir='ltr'><strong>Salvatoris.</strong></span> <span class='ocrx_word' id='word_1_197' title='bbox 821 3409 896 3495; x_wconf 93' lang='lat' dir='ltr'><strong>Ipse</strong></span> <span class='ocrx_word' id='word_1_198' title='bbox 918 3432 993 3474; x_wconf 89' lang='lat' dir='ltr'><strong>vero</strong></span> <span class='ocrx_word' id='word_1_199' title='bbox 1012 3433 1069 3475; x_wconf 84' lang='lat' dir='ltr'><strong>rex</strong></span> <span class='ocrx_word' id='word_1_200' title='bbox 1086 3411 1233 3476; x_wconf 87' lang='lat' dir='ltr'><strong>fundavit</strong></span> <span class='ocrx_word' id='word_1_201' title='bbox 1249 3433 1302 3476; x_wconf 90' lang='lat' dir='ltr'><strong>ec-</strong></span> 
     </span>
     <span class='ocr_line' id='line_1_28' title="bbox 253 3519 1303 3607; baseline 0.002 -23"><span class='ocrx_word' id='word_1_202' title='bbox 253 3520 382 3586; x_wconf 89' lang='lat' dir='ltr'><strong>clesiam</strong></span> <span class='ocrx_word' id='word_1_203' title='bbox 395 3522 431 3586; x_wconf 94' lang='lat' dir='ltr'><strong>in</strong></span> <span class='ocrx_word' id='word_1_204' title='bbox 446 3521 600 3585; x_wconf 91' lang='lat' dir='ltr'><strong>honorem</strong></span> <span class='ocrx_word' id='word_1_205' title='bbox 618 3519 846 3607; x_wconf 82' lang='lat' dir='ltr'><strong>Apostolorum</strong></span> <span class='ocrx_word' id='word_1_206' title='bbox 863 3519 952 3584; x_wconf 93' lang='lat' dir='ltr'><strong>Petri</strong></span> <span class='ocrx_word' id='word_1_207' title='bbox 968 3533 1002 3586; x_wconf 90' lang='lat' dir='ltr'><strong>et</strong></span> <span class='ocrx_word' id='word_1_208' title='bbox 1017 3522 1107 3586; x_wconf 90' lang='lat' dir='ltr'><strong>Pauli</strong></span> <span class='ocrx_word' id='word_1_209' title='bbox 1123 3536 1214 3588; x_wconf 85' lang='lat' dir='ltr'><strong>extra</strong></span> <span class='ocrx_word' id='word_1_210' title='bbox 1226 3522 1303 3588; x_wconf 90' lang='lat' dir='ltr'><strong>civi-</strong></span> 
     </span>
     <span class='ocr_line' id='line_1_29' title="bbox 251 3630 1301 3719; baseline 0.004 -24"><span class='ocrx_word' id='word_1_211' title='bbox 251 3637 358 3707; x_wconf 86' lang='lat' dir='ltr'><strong>tatem,</strong></span> <span class='ocrx_word' id='word_1_212' title='bbox 383 3631 418 3694; x_wconf 89' lang='lat' dir='ltr'><strong>in</strong></span> <span class='ocrx_word' id='word_1_213' title='bbox 434 3652 497 3716; x_wconf 88' lang='lat' dir='ltr'><strong>qua</strong></span> <span class='ocrx_word' id='word_1_214' title='bbox 513 3642 577 3693; x_wconf 88' lang='lat' dir='ltr'><strong>tam</strong></span> <span class='ocrx_word' id='word_1_215' title='bbox 591 3630 661 3716; x_wconf 88' lang='lat' dir='ltr'><strong>ipse</strong></span> <span class='ocrx_word' id='word_1_216' title='bbox 677 3651 771 3712; x_wconf 88' lang='lat' dir='ltr'><strong>quam</strong></span> <span class='ocrx_word' id='word_1_217' title='bbox 787 3651 981 3696; x_wconf 90' lang='lat' dir='ltr'><strong>successores</strong></span> <span class='ocrx_word' id='word_1_218' title='bbox 1007 3632 1055 3696; x_wconf 89' lang='lat' dir='ltr'><strong>s&#39;ui</strong></span> <span class='ocrx_word' id='word_1_219' title='bbox 1083 3633 1301 3719; x_wconf 90' lang='lat' dir='ltr'><strong>sepelirentur.</strong></span> 
     </span>
     <span class='ocr_line' id='line_1_30' title="bbox 254 3740 1303 3832; baseline 0.001 -25"><span class='ocrx_word' id='word_1_220' title='bbox 254 3743 330 3808; x_wconf 89' lang='lat' dir='ltr'><strong>Non</strong></span> <span class='ocrx_word' id='word_1_221' title='bbox 347 3745 434 3807; x_wconf 91' lang='lat' dir='ltr'><strong>enim</strong></span> <span class='ocrx_word' id='word_1_222' title='bbox 449 3755 516 3807; x_wconf 89' lang='lat' dir='ltr'><strong>erat</strong></span> <span class='ocrx_word' id='word_1_223' title='bbox 533 3754 609 3806; x_wconf 91' lang='lat' dir='ltr'><strong>tunc</strong></span> <span class='ocrx_word' id='word_1_224' title='bbox 624 3740 747 3805; x_wconf 92' lang='lat' dir='ltr'><strong>licitum</strong></span> <span class='ocrx_word' id='word_1_225' title='bbox 761 3741 795 3804; x_wconf 88' lang='lat' dir='ltr'><strong>in</strong></span> <span class='ocrx_word' id='word_1_226' title='bbox 820 3743 947 3806; x_wconf 87' lang='lat' dir='ltr'><strong>civitate</strong></span> <span class='ocrx_word' id='word_1_227' title='bbox 968 3746 1148 3830; x_wconf 92' lang='lat' dir='ltr'><strong>quempiam</strong></span> <span class='ocrx_word' id='word_1_228' title='bbox 1166 3745 1303 3832; x_wconf 92' lang='lat' dir='ltr'><strong>sepeliri.</strong></span> 
     </span>
    </p>
   </div>
   <div class='ocr_carea' id='block_1_3' title="bbox 255 4013 1305 4215">
    <p class='ocr_par' dir='ltr' id='par_1_6' title="bbox 255 4013 1305 4215">
     <span class='ocr_line' id='line_1_31' title="bbox 279 4013 1305 4064; baseline 0.004 -9"><span class='ocrx_word' id='word_1_229' title='bbox 279 4015 363 4060; x_wconf 77' lang='lat' dir='ltr'><strong>tFrom</strong></span> <span class='ocrx_word' id='word_1_230' title='bbox 382 4015 437 4054; x_wconf 82' lang='lat' dir='ltr'><strong>such</strong></span> <span class='ocrx_word' id='word_1_231' title='bbox 449 4013 584 4063; x_wconf 84' lang='lat' dir='ltr'><strong>expressions</strong></span> <span class='ocrx_word' id='word_1_232' title='bbox 597 4023 620 4052; x_wconf 84' lang='lat' dir='ltr'><strong>as</strong></span> <span class='ocrx_word' id='word_1_233' title='bbox 628 4014 689 4053; x_wconf 83' lang='lat' dir='ltr'><strong>these</strong></span> <span class='ocrx_word' id='word_1_234' title='bbox 695 4024 754 4054; x_wconf 84' lang='lat' dir='ltr'><strong>some</strong></span> <span class='ocrx_word' id='word_1_235' title='bbox 760 4025 847 4064; x_wconf 86' lang='lat' dir='ltr'><strong>persons</strong></span> <span class='ocrx_word' id='word_1_236' title='bbox 854 4015 911 4055; x_wconf 80' lang='lat' dir='ltr'><strong>have</strong></span> <span class='ocrx_word' id='word_1_237' title='bbox 916 4016 1009 4064; x_wconf 75' lang='lat' dir='ltr'><strong>thought</strong></span> <span class='ocrx_word' id='word_1_238' title='bbox 1015 4017 1062 4056; x_wconf 86' lang='lat' dir='ltr'><strong>that</strong></span> <span class='ocrx_word' id='word_1_239' title='bbox 1070 4017 1106 4057; x_wconf 88' lang='lat' dir='ltr'><strong>the</strong></span> <span class='ocrx_word' id='word_1_240' title='bbox 1112 4017 1217 4059; x_wconf 80' lang='lat' dir='ltr'><strong>taudard</strong></span> <span class='ocrx_word' id='word_1_241' title='bbox 1228 4020 1254 4059; x_wconf 78' lang='lat' dir='ltr'><strong>ot</strong></span> <span class='ocrx_word' id='word_1_242' title='bbox 1268 4019 1305 4058; x_wconf 86' lang='lat' dir='ltr'><strong>the</strong></span> 
     </span>
     <span class='ocr_line' id='line_1_32' title="bbox 255 4088 1304 4140; baseline 0.005 -10"><span class='ocrx_word' id='word_1_243' title='bbox 255 4091 317 4131; x_wconf 83' lang='lat' dir='ltr'><strong>crem</strong></span> <span class='ocrx_word' id='word_1_244' title='bbox 333 4090 376 4130; x_wconf 84' lang='lat' dir='ltr'><strong>had</strong></span> <span class='ocrx_word' id='word_1_245' title='bbox 384 4091 438 4130; x_wconf 85' lang='lat' dir='ltr'><strong>been</strong></span> <span class='ocrx_word' id='word_1_246' title='bbox 447 4088 530 4128; x_wconf 87' lang='lat' dir='ltr'><strong>erected</strong></span> <span class='ocrx_word' id='word_1_247' title='bbox 537 4091 559 4127; x_wconf 87' lang='lat' dir='ltr'><strong>at</strong></span> <span class='ocrx_word' id='word_1_248' title='bbox 571 4089 736 4139; x_wconf 82' lang='lat' dir='ltr'><strong>canterburyby</strong></span> <span class='ocrx_word' id='word_1_249' title='bbox 745 4089 782 4129; x_wconf 88' lang='lat' dir='ltr'><strong>the</strong></span> <span class='ocrx_word' id='word_1_250' title='bbox 801 4091 907 4140; x_wconf 79' lang='lat' dir='ltr'><strong>Apostles,</strong></span> <span class='ocrx_word' id='word_1_251' title='bbox 917 4103 940 4132; x_wconf 89' lang='lat' dir='ltr'><strong>or</strong></span> <span class='ocrx_word' id='word_1_252' title='bbox 959 4091 1015 4132; x_wconf 80' lang='lat' dir='ltr'><strong>their</strong></span> <span class='ocrx_word' id='word_1_253' title='bbox 1034 4092 1157 4136; x_wconf 78' lang='lat' dir='ltr'><strong>immediate</strong></span> <span class='ocrx_word' id='word_1_254' title='bbox 1176 4103 1304 4134; x_wconf 74' lang='lat' dir='ltr'><strong>successore.</strong></span> 
     </span>
     <span class='ocr_line' id='line_1_33' title="bbox 255 4162 713 4215; baseline -0.004 -9"><span class='ocrx_word' id='word_1_255' title='bbox 255 4165 318 4215; x_wconf 77' lang='lat' dir='ltr'><strong>[Vide</strong></span> <span class='ocrx_word' id='word_1_256' title='bbox 327 4166 366 4214; x_wconf 78' lang='lat' dir='ltr'><strong>Bp.</strong></span> <span class='ocrx_word' id='word_1_257' title='bbox 382 4164 480 4211; x_wconf 67' lang='lat' dir='ltr'><strong>Neston,</strong></span> <span class='ocrx_word' id='word_1_258' title='bbox 488 4175 516 4204; x_wconf 90' lang='lat' dir='ltr'><strong>on</strong></span> <span class='ocrx_word' id='word_1_259' title='bbox 524 4163 561 4203; x_wconf 82' lang='lat' dir='ltr'><strong>the</strong></span> <span class='ocrx_word' id='word_1_260' title='bbox 569 4162 713 4213; x_wconf 63' lang='lat' dir='ltr'><strong>Prophetes]</strong></span> 
     </span>
    </p>
   </div>
   <div class='ocr_carea' id='block_1_4' title="bbox 0 0 1615 5206">
    <p class='ocr_par' dir='ltr' id='par_1_7' title="bbox 0 0 1615 5206">
     <span class='ocr_line' id='line_1_34' title="bbox 0 0 1615 5206; baseline 0 0"><span class='ocrx_word' id='word_1_261' title='bbox 0 0 1615 5206; x_wconf 95' lang='lat' dir='ltr'><strong> </strong></span> 
     </span>
    </p>
   </div>
  </div>
 </body>
</html>
