3252 5170
349 541 414 605 146
790 557 967 608 nussam

451 710 601 764 Eboracum
613 708 703 776 silvis3
723 709 862 764 Exccstria
873 712 945 766 clara
956 709 1079 764 metallis
1177 733 1181 740 ·

447 804 586 858 Norwicus
597 803 686 870 Dacis,
701 803 830 858 Hibernis
843 805 951 870 cestria,
967 804 1053 858 Gallis

449 897 604 962 Cicestrum,
611 871 802 968 wonngeniis
815 897 950 951 Dunelma
961 898 1151 970 propinquans.

447 987 533 1044 Testis
546 989 684 1044 Lincolnae
693 1007 761 1061 gens
771 990 876 1043 infinita
882 990 982 1046 decore
1015 1021 1019 1026 —

446 1084 533 1138 Testis
547 1084 598 1156 Ely
611 1085 726 1138 formosa
737 1085 798 1149 situ,
812 1083 984 1137 Ravecestria
995 1083 1085 1138 visu·

389 1180 538 1256 Quatuor
551 1191 660 1244 autem
673 1191 749 1244 sunt
759 1201 832 1265 quae
847 1180 928 1244 mira
941 1179 1091 1244 videntur
1105 1177 1139 1243 in
1154 1177 1281 1265 Anglia.

386 1291 532 1355 Primum
544 1289 753 1373 quadrentus
762 1289 924 1376 egreditur
937 1312 956 1353 a
970 1289 1112 1354 cavernis
1126 1302 1227 1368 terrae,
1239 1288 1273 1353 in
1288 1301 1400 1356 monte

346 1400 403 1489 qni
428 1412 559 1466 vocatur
573 1401 638 1479 Pir,
659 1411 749 1466 tantu
763 1401 881 1487 vigore,
897 1414 934 1466 nt
947 1413 1050 1466 restes
1063 1401 1197 1488 injectas
1210 1398 1353 1488 repellat,
1367 1414 1403 1467 et

344 1513 379 1576 in
396 1511 495 1576 altum
510 1510 649 1577 elevatas
663 1511 774 1595 procul
788 1512 905 1597 ejiciat.

388 1622 577 1689 Secundum
606 1634 657 1688 est
684 1622 769 1708 apud
796 1625 1032 1700 Summers,
1071 1622 1127 1688 ubi
1161 1621 1283 1710 lapides
1311 1622 1400 1688 mirae

345 1732 581 1821 magnitudinis
606 1733 642 1797 iu
668 1731 772 1798 modis
784 1744 949 1818 portarum
964 1730 1078 1797 elevati
1093 1743 1190 1798 sunt:
1213 1754 1275 1797 nec
1297 1745 1404 1819 potest

345 1843 531 1931 excogitari,
559 1865 622 1929 qua
647 1855 713 1908 arte
740 1842 821 1908 tanti
847 1840 968 1929 lapides
995 1841 1077 1908 adeo
1098 1843 1134 1907 in
1162 1841 1260 1908 altum
1287 1842 1401 1910 elevati

343 1955 418 2022 sint.
1160 1941 1162 1946 ⁵

389 2064 538 2129 Tertium
552 2076 601 2130 est
615 2064 701 2150 apud
717 2063 932 2141 Chedrehole‚
958 2063 1014 2128 ubi
1029 2062 1123 2129 multi
1138 2063 1283 2151 ingressi,
1298 2085 1400 2148 quum

343 2191 460 2260 magna
485 2175 587 2260 spatia
611 2187 702 2240 terras
728 2187 761 2240 et
783 2173 918 2238 flumina
942 2173 1206 2260 pertransiissent,
1231 2195 1399 2260 nunquam

343 2296 451 2348 tamen
466 2282 508 2348 ad
522 2284 622 2348 linem
635 2295 857 2370 pervenerunt

391 2393 550 2469 Quartum
563 2406 622 2470 est,
638 2392 725 2477 quod
739 2393 773 2457 in
789 2391 980 2477 quibusdam
994 2393 1137 2479 partibus
1152 2393 1260 2480 pluvia
1274 2393 1401 2459 videtur

345 2504 460 2569 elevari
475 2503 516 2569 de
532 2504 703 2598 montibus,
719 2516 753 2569 et
767 2503 834 2568 sinc
850 2523 940 2567 mora
951 2524 1008 2590 per
1022 2526 1150 2591 campos
1165 2502 1312 2572 diffundi.

394 3158 562 3245 Philippus
583 3179 657 3222 cum
675 3157 826 3246 Philippo
847 3158 915 3224 lilio
936 3158 1187 3246 regnavitannis
1206 3156 1287 3224 VII.
1334 3158 1399 3224 Hic

348 3295 470 3380 primus
485 3293 656 3379 imperator
669 3293 865 3359 Christianus
881 3293 951 3359 fuit.

395 3405 589 3470 Aurelianus
611 3403 782 3488 imperator
805 3427 904 3489 quum
928 3405 1124 3471 Christianos
1143 3417 1400 3492 persequeretun

348 3516 471 3581 fulmen
486 3529 559 3581 ante
574 3537 647 3581 enm
662 3537 737 3579 cnm
757 3538 873 3602 magno
893 3516 1019 3581 horrore
1035 3517 1307 3582 circunstantium
1321 3516 1398 3593 ruit,

348 3640 382 3692 et
396 3627 491 3713 paulo
506 3639 578 3713 post
592 3649 612 3690 a
626 3626 780 3692 militibus
798 3626 962 3693 occiditur.
1009 3626 1073 3692 Iste
1096 3628 1218 3714 primus
1237 3626 1401 3692 Romano-

347 3760 420 3803 rum
446 3736 593 3801 diadema
618 3737 762 3822 sumpsit,
791 3737 989 3823 gemmisque
1013 3749 1047 3802 et
1073 3750 1182 3802 aurata
1201 3737 1290 3804 omni
1314 3750 1401 3803 veste

347 3869 424 3912 usus
438 3861 496 3913 cst.

391 3957 612 4024 Diocletianus
627 3971 735 4024 contra
747 3957 927 4023 Romanam
942 3958 1131 4047 dignitatem
1147 3958 1269 4024 adorari
1285 3982 1318 4024 se
1334 3959 1400 4044 jus-

347 4071 397 4146 sit,
407 4091 508 4156 quum
525 4083 597 4134 ante
614 4092 690 4134 eum
702 4071 808 4135 caeteri
819 4069 1041 4136 salutarentur.
1083 4071 1243 4136 Gemmas
1256 4069 1405 4148 vestibus,

348 4179 631 4264 calceamentisque
647 4180 775 4246 indidit.
