3252 5170
583 513 626 560 ux
653 517 735 562 ursa.
758 516 950 591 nnsnouurn.
1233 505 1293 570 137

239 668 330 744 scire,
341 667 395 732 ubi
411 688 525 752 corpus
535 667 604 751 ejus
616 669 847 732 sanctissimum
857 681 980 754 pausat.
1026 669 1200 756 Splenduit
1213 684 1291 739 tem-

241 799 318 864 pore
333 776 469 842 Aluredi
483 778 565 861 regis
577 788 609 841 et
624 776 757 840 Martini
773 777 880 864 Papae.
1002 847 1004 854 ,

284 885 392 952 lvonis
406 900 525 963 autem,
534 909 629 971 super
638 887 724 952 idem
742 889 862 952 flumen
882 855 1185 974 perauriens,vitam
1206 893 1288 960 vises

239 995 461 1062 venerandam.
507 996 558 1060 Ibi
571 1019 707 1081 namque
722 985 895 1082 gloriosum
914 1021 1028 1086 corpus
1044 999 1218 1064 revelatum
1240 1013 1289 1065 est

239 1120 371 1175 centum
394 1107 500 1176 lustris
523 1119 595 1192 post
616 1107 737 1173 obitum
761 1109 840 1196 ejus,
869 1121 1011 1194 tempora
1040 1111 1124 1197 regis
1152 1110 1289 1198 longaevi

241 1217 414 1295 Ethelredi,
431 1217 486 1303 qui
508 1217 638 1304 triginta
659 1229 778 1302 septem
801 1219 893 1282 anuis
915 1220 1079 1306 regnavit:
1103 1242 1164 1285 nec
1192 1221 1288 1311 longe

239 1327 335 1395 distat
350 1350 369 1391 a
383 1341 498 1394 nostrae
515 1326 674 1414 memoriae
694 1327 897 1414 temporibus.

275 1437 457 1508 Ramesiam
476 1459 560 1513 vero,
580 1460 651 1522 qaae
670 1459 763 1528 super
777 1437 909 1522 paludes
924 1437 984 1506 sita
999 1451 1056 1516 est,
1069 1460 1110 1504 ex
1132 1439 1284 1529 pradicto

235 1548 368 1613 flumine
380 1548 593 1634 progrediens,
606 1559 639 1612 et
653 1569 783 1631 corpora
797 1560 830 1612 et
844 1549 942 1613 vitam
957 1547 1122 1618 Ethclredi
1149 1563 1182 1615 et
1207 1551 1288 1615 Eth-

239 1657 351 1723 elberti
372 1657 520 1741 reperies,
573 1655 641 1731 Qui
663 1655 721 1720 filii
744 1655 933 1730 Ermenredi
955 1657 1014 1722 filii
1035 1658 1175 1724 Edbaldi
1195 1662 1281 1747 regis

241 1767 441 1832 Cantuariae:
464 1787 538 1830 nam
561 1766 755 1854 martyrizati
776 1778 902 1832 suntet
924 1789 1041 1856 magno
1061 1769 1215 1835 miraculo
1239 1772 1288 1838 in·

240 1877 342 1942 venti.

270 1986 369 2073 Apud
385 1985 530 2074 Burgum
544 2010 629 2068 vero,
645 1988 732 2076 quud
747 2009 842 2075 super
855 1987 982 2053 easdem
997 1988 1130 2076 paludes
1142 1992 1288 2079 pulcher-

237 2097 332 2162 rimas
343 2099 440 2162 situm
454 2111 511 2175 est,
528 2113 661 2183 pausant
673 2098 744 2163 duae
758 2113 875 2164 sanctas
885 2099 1024 2185 virgines
1036 2121 1204 2184 germanae,
1218 2102 1290 2189 Ky-

239 2208 377 2293 neberga
390 2222 423 2274 et
439 2208 659 2296 Kyneswitha,
674 2230 797 2274 sorores
811 2230 925 2294 regum
940 2208 1057 2274 Peadae
1071 2221 1104 2274 et
1116 2209 1288 2277 Wulfhere

240 2329 273 2381 et
299 2317 473 2383 Ethelredi.
526 2318 641 2383 'Punba
669 2319 767 2383 etiam
796 2319 884 2405 virgo
921 2332 1030 2383 sancta
1064 2318 1288 2405 praedictarum

238 2442 374 2514 cognata
389 2429 521 2513 quiescit
534 2428 664 2494 ibidem.

281 2539 416 2602 Sanctus
430 2560 505 2602 vero
527 2537 704 2602 Guthlacus
725 2537 758 2602 in
778 2537 891 2604 eadem
910 2538 1027 2626 palude
1046 2540 1287 2606 vernantissima

236 2648 370 2733 quiescit
383 2648 467 2734 apud
480 2649 690 2713 Croilandam.
745 2647 810 2714 Hic
825 2650 860 2714 in
875 2650 988 2715 diebus
997 2651 1057 2716 fuit
1067 2665 1203 2735 quatuor
1215 2674 1286 2739 reg·

238 2781 294 2824 um
308 2759 446 2836 Marciae,
456 2758 574 2823 scilicet
585 2759 749 2824 Ethelredi
762 2759 818 2824 tilii
832 2759 950 2826 Peudae
961 2776 994 2826 et
1004 2758 1148 2826 Kenredi
1157 2761 1285 2849 cognati

204 2880 205 2883 ’
238 2871 318 2955 ejus,
347 2870 400 2954 qui
429 2881 564 2956 uterque
590 2869 739 2935 monachi
763 2869 838 2936 facti
867 2885 952 2952 sunt,
984 2885 1016 2938 et
1040 2871 1190 2936 Chelredi
1228 2871 1287 2938 filii

235 2980 399 3045 Ethelredi
415 2980 574 3044 fortissimi
585 2980 667 3068 regis
683 2993 715 3048 et
727 2993 870 3068 tempore
880 2983 1069 3050 Ethelbaldi
1116 2984 1207 3050 Obiit
1226 3006 1286 3049 an·

238 3113 282 3154 no
296 3091 403 3176 gratiae
419 3088 586 3154 DCCXV.

282 3200 398 3266 Sancta
411 3201 587 3288 Werherga
600 3201 687 3290 apud
710 3201 864 3268 cestriam
881 3203 1024 3288 quiescit,
1043 3202 1085 3270 de
1107 3227 1169 3289 qua
1188 3228 1289 3290 quum

236 3310 338 3374 multa
359 3309 516 3388 dicantur,
538 3333 651 3388 unum,
674 3312 762 3398 quod
783 3314 948 3402 egregium
970 3327 1019 3380 cst
1042 3321 1076 3380 et
1097 3314 1287 3397 inauditum,

241 3435 343 3490 tacere
369 3442 433 3486 non
448 3443 587 3506 possum.
648 3409 808 3488 Scribitur
818 3407 904 3487 enim
920 3423 1004 3508 quod
1021 3447 1113 3491 aucas
1121 3423 1287 3505 silvaticas,

238 3553 372 3615 quarum
387 3529 478 3614 copia
491 3527 620 3616 grandis
634 3528 826 3595 frumentum
841 3553 935 3596 suum
958 3533 1065 3599 virens
1084 3532 1285 3622 depascendo

238 3640 476 3716 exterminabat,
491 3638 615 3704 includi
629 3639 740 3708 fecerit
755 3639 789 3703 in
803 3639 901 3706 domo
914 3641 1049 3726 quadam
1065 3644 1152 3732 quasi
1163 3642 1287 3720 domes-

241 3749 328 3814 ticas.
385 3748 474 3824 Quas
500 3771 599 3833 quum
624 3771 717 3814 mane
740 3763 866 3814 vocatas
890 3752 1035 3817 emittere
1059 3767 1193 3846 pararet,
1208 3754 1289 3820 vidit

239 3881 336 3927 unam
345 3858 474 3937 deesse;
498 3881 593 3946 quarn
607 3882 705 3943 quum
718 3859 873 3925 afamulis
882 3875 1066 3940 comestam,
1077 3885 1145 3927 rem
1161 3865 1289 3950 perqui-

235 3992 318 4045 rens,
329 3968 476 4048 audisset,
488 3974 509 4008 “
519 3969 642 4034 Afferte
653 3969 731 4033 mihi
740 3969 759 4002 ''
769 3970 882 4054 inquit,
896 3972 1066 4058 “plumam
1077 3984 1109 4036 et
1119 3993 1189 4037 ossa
1200 3996 1288 4038 com-

239 4079 344 4144 estae.’'
388 4079 450 4144 His
465 4076 574 4155 allatis,
591 4078 742 4164 praecepit
756 4080 819 4144 Dei
834 4080 952 4146 excelsi
967 4103 1091 4168 sponsa,
1113 4095 1150 4146 ut
1165 4082 1288 4164 integra

176 4203 178 4206 ’
238 4202 317 4257 esset
341 4202 375 4254 et
398 4191 479 4254 viva
526 4188 705 4255 Anseribus
728 4189 825 4275 igitur
839 4191 1105 4279 applaudentibus
1129 4198 1164 4256 et
1188 4191 1288 4256 accla.

744 4293 783 4352 19
