3252 5170
567 544 609 586 rx
634 541 718 587 msr.
741 539 933 587 Arctorum
1212 525 1273 587 141

271 691 427 781 Edgerus,
443 691 527 756 filius
543 691 717 770 Edmundi,
733 692 871 758 sedecim
883 693 974 756 annis
989 692 1118 778 pacifice
1132 705 1166 757 et
1179 692 1276 780 glori-

228 805 312 869 osius
327 805 474 870 cmnibus
488 803 556 867 aliis
570 803 746 889 imperavit.
820 873 823 880 ,
998 851 1021 916 1

223 931 226 938 ’
269 915 444 982 Edwardus
458 936 514 981 rex
528 927 655 980 sanctus
670 913 703 977 V
716 913 808 1028 agnis
822 933 956 1001 regnum
967 915 1071 979 tenuit
1089 927 1122 980 et
1139 913 1275 980 feliciter

228 1026 349 1092 occisus
371 1039 428 1090 est.
544 1077 546 1087 ,

267 1135 458 1201 Ethelredus
479 1137 575 1201 frater
604 1138 683 1222 ejus,
706 1137 753 1202 ira
774 1136 837 1202 Dei
863 1137 1073 1220 perturbatus,
1086 1157 1264 1202 erumnose

219 1246 372 1334 regnavit,
391 1246 432 1311 de
456 1270 519 1332 quo
545 1248 648 1312 multa
667 1247 836 1326 dicuntum
858 1247 914 1331 qui
930 1246 1079 1313 Emmam
1106 1245 1266 1312 Normen·

217 1374 332 1423 norum
345 1357 508 1444 geminam
525 1357 654 1424 Ricardi
667 1359 804 1424 consulis
818 1359 918 1425 filiam
932 1358 1027 1424 duxit
1040 1358 1075 1424 in
1089 1377 1232 1425 uxorem.

263 1576 326 1643 III.
350 1577 457 1664 Reges
472 1529 586 1643 eutem
596 1577 737 1644 Estsexae
751 1578 786 1644 hi
800 1591 876 1644 sunt
887 1601 927 1643 ex
942 1577 1066 1643 ordine.
1109 1641 1111 1648 ,

224 1695 227 1703 “
267 1686 499 1767 Erchinwinus3
521 1689 650 1772 prImus.
706 1687 811 1754 Slede.
859 1688 1018 1754 Sebertus.
1076 1687 1269 1776 Sigebertus.

228 1799 381 1865 Sibertus.
429 1799 634 1866 Suithelmus
682 1799 789 1866 sebbi.
836 1799 1019 1887 Sighardus

266 2105 327 2172 IV.
350 2104 455 2193 Reges
470 2105 711 2173 Nerthumbriae
721 2108 755 2173 hi
770 2121 845 2173 sunt
859 2131 900 2173 ex
914 2107 1039 2174 ordine.

266 2242 326 2307 IV.
349 2242 410 2308 Ida
423 2244 554 2331 primus.
578 2243 658 2311 Ella.
681 2243 883 2310 Ethelfertus.
908 2243 1072 2310 Edenus.
1092 2244 1266 2311 Oswaldus.

221 2355 353 2420 oswius.
381 2353 541 2440 ngridus.
598 2355 750 2433 Alfridus,
773 2357 858 2442 regis
886 2355 1011 2442 ngn'di
1030 2355 1125 2434 filius,
1154 2357 1268 2422 doctus

224 2467 259 2530 in
270 2465 440 2551 scripturis,
456 2477 603 2529 strenuus
612 2465 647 2528 in
661 2464 761 2542 bellis,
776 2467 921 2552 regnavit
935 2465 1007 2530 XX
1021 2468 1121 2532 annis.

262 2576 414 2655 Osredus,
432 2576 515 2640 filius
529 2577 609 2662 ejus,
624 2579 768 2663 regnavit
777 2577 826 2642 XI
840 2578 942 2656 annis,
961 2590 994 2643 et
1007 2599 1153 2666 pugnans
1168 2577 1267 2644 inter·

220 2688 321 2753 fectus
336 2701 396 2753 est.

257 2799 444 2864 Karesene
458 2798 600 2886 regnavit
616 2797 652 2863 II
666 2798 766 2877 annis,
780 2811 815 2864 et
828 2799 1008 2866 infirmatus
1034 2799 1142 2866 mortis
1157 2798 1262 2865 celeri·

219 2922 284 2974 tate
298 2921 478 2997 praeventus
496 2922 557 2976 est.

264 3021 391 3086 Osricus
402 3021 547 3107 regnavit
562 3020 615 3086 XI
630 3021 723 3086 annis
736 3033 770 3086 et
782 3021 872 3086 vitali
887 3021 958 3086 luce
973 3020 1083 3086 caruit.

255 3131 459 3209 Ceolwulfus,
475 3133 571 3196 frater
586 3133 732 3197 Kenredi
744 3133 886 3218 prsedicti
900 3133 996 3220 regis,
1010 3134 1154 3220 regnavit
1175 3131 1263 3198 VIII

217 3243 309 3307 annis
337 3256 371 3308 et
406 3243 580 3308 monachus
615 3243 747 3308 effectus
772 3259 830 3307 est.
876 3243 976 3328 Cujus
1002 3256 1145 3328 tempore
1175 3243 1267 3308 Beds
1383 3305 1386 3308 .

211 3353 377 3441 presbyter
387 3352 576 3418 venerabilis
591 3365 623 3418 et
638 3352 758 3419 Christi
785 3352 993 3439 philosophus
1007 3353 1141 3418 feliciter
1156 3353 1264 3420 deces-

215 3463 267 3528 sit.

250 3572 421 3650 Edbertus,
437 3587 589 3661 cognatus
611 3576 690 3661 ejus,
711 3575 857 3662 regnavit
874 3573 965 3640 XXI
986 3574 1090 3652 annis,
1110 3574 1260 3640 effectus·

208 3701 269 3768 que
304 3683 489 3762 monachus,
519 3683 665 3770 fragilem
702 3685 799 3750 vitam
826 3684 890 3748 line
919 3684 1056 3770 glorioso
1086 3684 1255 3771 perlustra·

215 3793 272 3859 vit.

251 3901 420 3981 Oswulfus,
436 3904 519 3970 filius
534 3907 612 3992 ejus,
623 3907 769 3995 regnavit
787 3927 853 3973 uno
873 3927 969 3985 anno,
985 3918 1019 3972 et
1033 3930 1053 3972 s
1066 3905 1186 3971 familia
1199 3927 1257 3972 sua

211 4014 354 4099 proditus
369 4028 464 4082 estet
478 4017 610 4082 occisus.

252 4125 323 4191 Mol
346 4125 504 4193 Ethelwol
525 4127 670 4214 regnavit
699 4149 755 4192 sex
789 4128 881 4193 annis
914 4140 948 4192 et
978 4139 1106 4193 coactus
1137 4123 1257 4191 dimisit

210 4235 299 4302 illud.
