3252 5170
570 571 614 617 nx
637 575 721 619 mar.
747 575 937 620 suanorum
1219 557 1281 622 14¹7

277 717 519 798 Constantinus,
536 723 708 790 mundatus
722 746 742 789 a
756 724 855 810 lepra,
868 725 943 791 fecit
958 724 1077 803 Roma,
1094 685 1150 791 ubi
1164 726 1282 811 baptiz-

230 840 301 892 atus
315 842 372 906 est,
389 829 548 896 basilicam
564 831 588 896 J
589 833 871 922 oannisjBaptistae,
886 830 957 920 quaa
978 848 1108 943 ‚vpcatur
1125 837 1282 901 Constan-

227 936 314 1000 tina:
337 938 415 1003 item
438 940 601 1004 basilicam
624 940 721 1007 Petro
741 953 774 1007 et
793 941 895 1007 Paulo
912 944 947 1007 in
971 941 1092 1030 templo
1109 943 1279 1032 Apollinis,

227 1067 342 1134 corpus
357 1049 521 1134 utriusque
535 1072 616 1126 aereo
631 1015 948 1138 cippo'eircumdans,
965 1055 1105 1140 quinque
1125 1054 1223 1142 pedes
1244 1055 1280 1120 in

270 1263 353 1332 Tam
364 1289 479 1356 magna
493 1269 589 1355 pestis
604 1282 673 1337 orta
686 1272 778 1338 estin
794 1271 1042 1366 Britanniapost
1056 1285 1182 1362 tempus
1196 1273 1278 1340 illud

226 1398 289 1460 quo
305 1376 453 1445 Britones
474 1381 562 1447 AEtio
573 1393 622 1448 ter
641 1383 763 1448 consuli
785 1382 952 1470 epistolam
975 1383 1171 1461 direxerunt,
1190 1382 1278 1469 quod

224 1487 258 1551 in
279 1487 368 1552 brevi
382 1501 503 1556 tantam
519 1491 758 1558 multitudinem
773 1493 891 1570 stravit,
914 1494 1117 1580 exigentibus
1139 1495 1277 1582 peccatis

219 1619 341 1676 eorum,
357 1613 449 1666 utne
464 1601 655 1686 sepeliendis
670 1602 800 1687 quidem
817 1603 949 1668 mortuis
963 1603 1027 1667 vivi
1042 1605 1237 1670 sufficerent.

268 1709 403 1776 Sanctus
434 1711 615 1777 Germanus
647 1713 932 1780 Autissiodorensis
961 1715 1126 1802 episcopus
1156 1715 1276 1781 indixit

198 1834 201 1840 ’
223 1821 378 1888 exercitui
402 1820 583 1901 Britonnm,
607 1844 705 1908 quum
727 1824 864 1908 quodam
882 1826 916 1889 in
938 1824 1009 1891 loco
1030 1824 1151 1894 bellum
1170 1838 1277 1890 essent

220 1930 331 1995 inituri
344 1953 419 1996 oum
435 1933 611 1998 saxonibus
626 1946 659 1998 et
673 1932 781 2011 Pictis,
798 1946 835 1999 ut
854 1957 979 1999 summa
999 1957 1075 2000 voce
1096 1957 1206 2002 omnes
1220 1957 1274 2000 ex-

221 2038 394 2107 clamarent
407 2043 613 2108 Hallelalobl
632 2057 665 2110 et
679 2044 724 2110 ita
738 2043 856 2110 factum
872 2057 920 2108 est
943 2057 980 2110 ιιι
1005 2056 1092 2110 totus
1116 2045 1275 2112 exercitus
1311 2065 1325 2084 Ψ

217 2149 421 2240 barbarorum
435 2153 549 2218 timore
564 2153 705 2220 horribili
720 2155 904 2240 perterritus
918 2176 1044 2241 prorsus
1059 2154 1233 2242 diffugerit.

265 2259 391 2337 Quinto
405 2241 490 2327 anno
506 2263 639 2327 Kenrioi
654 2263 837 2328 obscuratus
851 2276 899 2328 est
909 2262 958 2329 sol
971 2285 991 2328 a
1005 2285 1100 2328 mane
1113 2286 1214 2348 usque
1230 2264 1274 2330 ad

216 2373 353 2452 tertiam,
383 2394 492 2438 mense
517 2371 645 2438 Martio.
703 2371 846 2459 Septimo
869 2394 944 2438 vero
967 2395 1053 2438 anno
1081 2374 1173 2461 regni
1202 2375 1271 2461 ejus

219 2484 403 2550 obscuratus
425 2495 474 2547 est
496 2481 543 2546 sol
568 2503 588 2546 a
610 2481 704 2547 tertia
728 2503 810 2566 pene
831 2503 930 2566 usque
952 2481 993 2546 ad
1015 2503 1143 2560 nonam,
1168 2483 1214 2548 ita
1237 2497 1275 2550 ut

215 2593 315 2660 stellae
330 2604 517 2681 apparerent
531 2590 723 2658 duodecimo
740 2591 812 2658 Kal
831 2594 853 2657 J
854 2593 921 2657 ulii.

258 2703 406 2770 chelrico
419 2714 574 2790 regnante
593 2723 687 2787 super
712 2702 885 2780 Westsexa,
908 2713 942 2769 et
964 2703 1152 2771 Ethelberto
1175 2728 1274 2793 super
1316 2784 1319 2791 .

216 2814 456 2894 Northumbria,
480 2825 514 2878 et
532 2812 651 2877 Wibba
671 2834 767 2899 super
786 2812 927 2890 Marcia,
951 2816 1095 2880 conversi
1119 2828 1194 2881 sunt
1214 2839 1271 2882 rex

218 2924 422 2991 Ethelbertus
438 2923 560 2989 Cantiae
571 2934 604 2986 et
617 2921 754 3012 populus
771 2920 954 2987 Cantiensis
968 2923 1009 2988 ad
1025 2923 1124 2990 fidem
1142 2925 1266 2990 Christi

248 3035 340 3100 Circa
355 3032 537 3098 XXIIIum
551 3054 673 3096 annum
691 3033 784 3118 regni
809 3031 967 3097 Kenwalh
982 3033 1064 3120 regis
1082 3033 1265 3113 westsexas,

213 3146 396 3211 obscuratus
409 3156 457 3209 est
472 3143 518 3209 sol
533 3142 628 3208 tertio
642 3141 694 3206 die
711 3141 792 3206 Maii
806 3168 816 3222 ;
840 3142 926 3226 quod
943 3144 1073 3228 signum
1088 3144 1268 3231 pestilentia

212 3255 395 3344 gravissima
413 3268 479 3320 tam
500 3253 535 3318 in
557 3252 723 3319 Britannia
737 3274 832 3336 quarn
848 3253 882 3316 in
899 3253 1056 3318 Hibernia
1069 3267 1260 3340 prosecunta

213 3379 271 3432 est.
931 3451 933 3456 ι
1221 3376 1223 3380 ’

242 3477 321 3544 Post
346 3477 503 3543 Kenwalh
527 3477 671 3565 regnavit
693 3475 857 3564 Sexburga
882 3499 961 3543 uxor
987 3479 1054 3566 ejus
1076 3501 1142 3545 uno
1168 3495 1264 3548 anno.

210 3587 416 3654 Praecedente
439 3602 547 3655 autem
569 3611 663 3666 anno,
678 3587 739 3654 fuit
765 3589 904 3653 maxima
919 3612 1028 3677 pugna
1041 3591 1205 3657 volucrum
1227 3595 1268 3657 in-

208 3698 334 3784 Auglia.
381 3699 479 3773 Quod
504 3711 542 3764 ut
566 3676 749 3764 credibilius
774 3698 926 3779 videatur,
948 3699 1010 3764 boc
1033 3701 1129 3766 etiam
1153 3715 1262 3767 nostro

207 3821 350 3895 tempore
375 3809 511 3895 contigit
535 3808 570 3872 in
593 3807 793 3874 Normannia
808 3808 913 3895 palam
928 3810 1015 3896 apud
1030 3793 1259 3900 Rotomagum,

206 3928 359 4004 regnante
373 3939 448 4004 rege
465 3917 607 3981 Hernico
622 3917 725 4002 primo
741 3918 922 4005 Anglorum
937 3918 1169 3986 Normannico.

250 4027 410 4112 Tempore
421 4027 505 4114 regis
531 4026 706 4104 Kentwini,
722 4049 807 4092 anno
823 4029 916 4093 tertio
930 4030 1021 4116 regni
1036 4032 1114 4117 ejus,
1133 4045 1260 4098 cometa

204 4157 261 4222 per
286 4147 349 4200 tres
372 4157 497 4202 menses
515 4136 670 4223 apparuit,
691 4149 724 4202 et
750 4159 816 4202 uno
840 4160 966 4223 quoque
988 4160 1082 4204 manc
1096 4140 1183 4206 velut
1209 4141 1257 4207 sol

204 4245 409 4331 resplenduit.
