3212 5206
291 483 316 522 u
668 485 796 526 uruntur
809 485 848 526 m
861 485 1007 527 srtnuavu
1235 489 1271 538 [Δ.
1287 489 1315 529 D.
1333 489 1391 530 [Μ

291 617 382 686 Dum
392 638 459 698 rer,
468 617 599 686 aliunde
607 620 643 686 in
655 617 889 688 Normanniam
898 622 1070 710 ingressus,
1078 621 1246 688 vastationi
1254 638 1392 702 vacant,

292 727 455 796 Willelmo
482 729 566 797 duce
594 751 695 820 prope
724 731 830 820 ipsum
863 732 995 798 insidias
1023 733 1215 812 intentante,
1244 736 1392 822 pervenit

292 862 395 926 usque
423 839 466 906 ad
494 839 663 908 Mortuum
688 864 786 922 mare,
810 841 867 908 ubi
889 842 938 908 bis
958 843 1166 930 pernoctavit
1211 844 1275 910 Die
1298 844 1394 910 tertia

293 950 511 1032 illucescente,
539 952 706 1020 venientes
734 975 774 1020 ea
803 967 892 1041 parte
921 953 1013 1020 ducis
1046 953 1213 1021 Walterus·
1254 955 1391 1034 Giffard,

294 1074 328 1130 et
349 1063 507 1130 Robertus
521 1085 628 1130 comes
642 1064 740 1150 Augi,
755 1077 789 1130 et
804 1062 904 1151 Hugo
919 1063 960 1129 de
974 1063 1109 1152 Gurney
1124 1087 1199 1130 cum
1217 1087 1283 1131 uno
1300 1087 1393 1131 exer·

298 1173 367 1240 citu
386 1173 488 1254 ducis,
502 1173 610 1240 villam
633 1174 822 1241 insultantes
841 1174 1066 1253 incenderunt,
1081 1189 1114 1240 et
1134 1197 1245 1242 omnes
1259 1177 1397 1244 Francos

294 1283 589 1351 autintersecerunt
600 1297 656 1350 aut
666 1298 832 1373 ceperunt,
847 1296 881 1350 et
894 1298 1005 1372 captos
1018 1307 1077 1372 per
1096 1283 1328 1352 Normanniam
1344 1287 1394 1351 in·

295 1406 547 1464 maceraverunt.
608 1394 708 1471 Quod
738 1417 838 1481 quum
867 1395 1056 1462 nunciatum
1091 1409 1176 1462 esset
1203 1396 1288 1475 duci,
1317 1397 1395 1462 fecit

295 1516 392 1583 nocte
403 1505 551 1592 sequenti
572 1503 614 1571 de
628 1507 693 1571 suis
708 1505 869 1591 quendam
889 1505 930 1572 sd
946 1507 1122 1572 exercitum
1143 1507 1226 1596 regis
1243 1506 1394 1573 accedere

297 1629 333 1685 et
346 1616 491 1684 arborem
506 1615 665 1703 quandam
680 1615 853 1682 ascendere
868 1630 902 1682 et
915 1615 1069 1684 clamare:
1087 1627 1109 1659 ‘⁶
1118 1621 1249 1706 Suryite,
1265 1621 1394 1696 Franci,

297 1731 339 1798 de
359 1739 390 1794 er
408 1729 533 1816 sepelite
551 1739 684 1794 atomos
703 1731 795 1810 ciros,
810 1730 866 1816 qui
878 1730 965 1814 apud
977 1740 1128 1795 mutuum
1142 1753 1226 1796 mure
1248 1731 1398 1814 interfecti

292 1839 397 1906 saur?
443 1837 520 1916 Quo
533 1837 655 1917 audito,
669 1837 758 1926 prius
771 1839 959 1926 peripsum,
974 1850 1084 1924 postea
1098 1861 1244 1927 peruios
1258 1838 1395 1904 nuncios

293 1969 353 2016 rex
375 1950 410 2016 in
435 1949 602 2018 Ebonciam
624 1971 769 2015 reversus
791 1961 841 2015 est
863 1949 1022 2016 confusus.
1068 1950 1135 2018 Qui
1155 1949 1284 2016 tandem
1300 1949 1394 2036 petiit

297 2069 510 2135 incarceratos
531 2065 667 2146 liberari,
697 2079 731 2133 et
756 2066 940 2154 impetravit
969 2069 1030 2134 sub
1051 2069 1205 2157 promisso
1231 2081 1392 2156 perpetuae

292 2199 390 2267 pactu.

536 2564 590 2632 Dr
614 2582 796 2634 aaocrucru
820 2585 916 2634 uuc1s
937 2585 984 2630 so
1006 2566 1179 2633 Anonmu.

336 2792 435 2857 Anno
450 2790 548 2879 igitur
564 2790 748 2857 Dominicae
770 2789 1002 2858 Incurnationis
1025 2736 1249 2914 Mbchvl
1263 2789 1397 2856 audiens

294 2901 476 2969 Willelmus
490 2901 558 2968 dux
573 2901 783 2969 Normanniae
803 2925 946 2968 rumores
966 2903 1008 2968 de
1028 2903 1162 2969 Haraldi
1179 2889 1396 2982 coronatione,

294 3013 343 3079 ira
355 3034 536 3093 succensus,
554 3013 590 3078 in
611 3012 762 3102 Angliam
785 3013 986 3078 transfretare
1009 3013 1174 3098 disposuit,
1189 3027 1228 3079 ut
1246 3014 1396 3100 injuriam

297 3122 335 3190 in
350 3122 530 3189 Haraldum
550 3123 611 3190 sibi
632 3123 752 3188 illatam
767 3121 953 3189 vindicaret
999 3121 1043 3188 Et
1057 3123 1177 3188 vocatis
1196 3123 1398 3210 magnatibus

298 3234 375 3314 suia,
391 3235 558 3302 consilium
572 3247 606 3301 et
620 3235 776 3301 auxilium
790 3255 902 3300 eorum
918 3233 1022 3321 petiit.
1069 3231 1271 3310 Quibusdam
1294 3254 1398 3298 annu·

296 3346 435 3427 entibus,
450 3345 644 3436 quibusdam,
656 3344 949 3412 contradicentibus
964 3356 997 3410 et
1017 3343 1239 3431 impotentiam
1255 3366 1344 3409 suam
1365 3358 1399 3410 et

301 3457 488 3546 pauperiem
496 3455 716 3544 allegantibus,
744 3469 852 3520 tamen
879 3452 1129 3540 quoquomodo
1158 3452 1282 3519 inducti
1311 3468 1395 3520 sunt.

298 3569 348 3635 Ut
356 3579 464 3632 autem
478 3567 621 3632 securius
635 3566 899 3644 transfretaretur,
908 3563 1032 3651 rogavit
1048 3563 1170 3629 vicinos
1184 3585 1268 3642 suos,
1284 3577 1396 3650 utpote

297 3697 409 3769 regem
433 3674 587 3754 Francius,
611 3675 667 3760 qui
688 3696 747 3762 per
771 3673 1003 3739 dissuasionem
1021 3695 1152 3740 suorum
1182 3675 1214 3740 ei
1243 3673 1398 3741 auxilium

296 3789 476 3876 denegavit,
491 3808 533 3852 ne
556 3784 597 3852 de
617 3784 775 3851 indomito
796 3796 830 3850 et
843 3783 954 3849 rebelli
969 3785 1070 3872 magis
1092 3785 1124 3849 ei
1143 3784 1270 3852 rebellis
1293 3787 1393 3853 fieret.

295 3899 434 3990 Rogavit
447 3898 545 3965 etiam
559 3897 709 3964 comitem
721 3895 890 3974 Flandriae,
901 3896 957 3984 qni
972 3909 1101 3982 rogatus
1116 3895 1289 3984 quaesivita
1301 3896 1394 3974 duce,

297 4035 394 4100 quam
408 4022 531 4101 partem
545 4009 643 4075 vellet
659 4010 690 4074 ei
704 4008 780 4074 dare
795 4009 831 4074 iu
846 4007 972 4094 Anglia,
989 4008 1016 4072 si
1031 4007 1077 4072 illi
1092 4007 1245 4074 auxilium
1261 4022 1397 4094 pararet.

299 4122 368 4190 Cui
394 4121 461 4187 dux
490 4117 664 4207 respondit,
685 4117 772 4203 quod
800 4139 875 4183 curn
898 4117 1069 4183 baronibus
1094 4116 1160 4182 suis
1181 4115 1256 4182 inde
1279 4115 1397 4183 habere

297 4233 394 4302 vellet
402 4231 604 4318 colloquium.
655 4229 730 4306 Quo
744 4228 855 4297 habito
870 4228 1012 4311 consilio,
1030 4228 1119 4317 quod
1130 4228 1211 4296 nihil
1222 4230 1251 4293 ei
1263 4231 1396 4316 promit-
