3252 5170
275 505 301 544 Δ.
317 502 343 543 D.
360 503 485 550 tlte-tlte]
702 501 881 541 CIIRONICON.
1292 497 1317 535 dd

264 640 439 714 renitens*
454 636 563 701 volens
579 651 747 724 expectare
763 635 937 700 adventum
955 634 1089 699 Roberti
1104 633 1194 696 ducis
1209 632 1313 697 fratris

266 748 314 813 sui
330 747 370 811 de
386 747 482 810 Terra
496 745 621 823 Sancta,
646 760 682 810 ut
707 747 775 832 ipse
801 745 888 830 quasi
913 743 1143 831 primogenitus
1166 764 1317 806 coronam

265 857 432 942 acciperet.
458 855 523 921 Sed
547 872 712 942 magnates
736 870 827 922 terrae
846 855 923 942 quia
949 853 990 918 de
1007 853 1111 918 reditu
1134 854 1203 939 ejus
1234 850 1316 916 nihil

267 968 428 1032 habebant
442 966 653 1043 certitudinis,
670 968 819 1032 timentes
834 965 893 1033 sibi
908 978 941 1031 et
957 965 1014 1030 toti
1027 986 1135 1050 regno,
1146 963 1320 1030 noluerunt

269 1078 373 1164 ipsum
388 1091 565 1161 expectare.
613 1075 710 1140 Unde
726 1074 857 1140 tandem
869 1074 1028 1139 consensit
1043 1074 1098 1151 cis,
1114 1088 1147 1138 et
1162 1095 1314 1138 coronam

268 1188 360 1275 regni
386 1187 517 1274 accepit.
565 1187 640 1251 Post
666 1186 737 1263 hoc,
763 1185 858 1251 duxit
881 1183 1203 1250 uxoremMatildem
1225 1184 1322 1249 liliam

269 1296 434 1363 Malcolmi
460 1297 543 1382 regis
566 1298 689 1374 Scotiae,
706 1296 745 1360 de
763 1319 825 1381 qua
842 1297 955 1382 genuit
977 1295 1177 1361 Willelmum
1198 1310 1231 1360 ct
1250 1294 1322 1360 Ma-

272 1408 393 1486 tildam,
414 1430 508 1492 quam
536 1422 645 1494 postea
668 1405 762 1472 duxit
786 1405 965 1492 Imperator
987 1407 1197 1473 Alamanniae.
1244 1406 1320 1472 Wil-

271 1518 385 1584 lelmus
400 1521 498 1585 etiam
513 1518 604 1583 duxit
627 1541 762 1583 uxorem
778 1519 872 1582 filiam
898 1517 1048 1584 Fulconis
1072 1519 1197 1584 comitis
1212 1517 1323 1584 Ande·

270 1629 386 1716 gaviae3
425 1630 480 1713 qui
509 1644 628 1714 postea,
658 1626 813 1692 redeunte
845 1641 932 1712 patre
966 1650 1024 1693 suo
1056 1627 1097 1694 de
1114 1627 1324 1706 Normannia,

227 1757 230 1765 ·
273 1739 433 1806 confracta
448 1739 520 1804 navi
535 1761 601 1816 sua,
617 1761 691 1803 curn
705 1739 806 1810 multa
817 1741 985 1824 juventute
1000 1739 1167 1817 nobilium,
1181 1740 1326 1824 quicum

273 1873 336 1937 prae
365 1851 503 1914 maxima
539 1849 726 1914 strenuitate
764 1850 1010 1930 comitabantur,
1046 1850 1228 1916 submersus
1263 1864 1321 1916 est.

273 1962 370 2029 Quod
385 1961 516 2026 demum
532 1975 644 2025 notum
659 1959 721 2025 fuit
738 1982 796 2047 per
816 1960 975 2046 quendam
998 1960 1198 2026 Bernardum
1215 1962 1328 2027 Carni-

275 2073 369 2138 ficem
395 2071 435 2137 de
452 2069 688 2157 Rothnmagoll,
705 2071 761 2156 qui
784 2071 870 2136 solus
892 2071 933 2136 de
948 2069 1003 2136 illo
1023 2071 1188 2159 naufragio
1211 2070 1328 2137 illaesus

273 2182 387 2247 evasit.
444 2180 528 2258 Rex,
544 2180 653 2245 audita
676 2194 778 2246 morte
802 2180 860 2245 filii
884 2181 942 2259 sui,
958 2180 1095 2246 multum
1122 2182 1323 2247 contristatus

275 2307 323 2357 est
333 2319 343 2370 ;
363 2291 430 2370 scd,
446 2305 576 2377 accepta
590 2289 815 2370 consolatione,
839 2289 1042 2356 dissimulans
1059 2313 1099 2356 ne
1123 2290 1230 2357 hostes
1252 2313 1327 2356 suos

276 2401 459 2480 laetificaret,
479 2423 598 2467 nurum
617 2423 708 2466 suam
724 2400 823 2466 filiam
842 2401 968 2468 comitis
989 2401 1187 2489 Andagaviae
1206 2402 1250 2467 ad
1274 2425 1328 2490 pa·

276 2527 360 2579 trem
378 2535 473 2579 suum
490 2526 523 2578 et
539 2511 678 2590 fratrem,
695 2511 750 2597 qui
772 2511 937 2577 Galfridus
960 2511 1205 2598 Plantageneste
1226 2512 1332 2578 dictus

274 2638 333 2702 est,
358 2624 539 2699 transmisit,
557 2636 592 2686 ut
612 2644 683 2688 eam
700 2623 815 2687 alicubi
846 2609 1015 2688 maritaret
1063 2621 1157 2700 Quae,
1180 2644 1332 2708 spernens

276 2734 422 2799 omnium
437 2731 574 2818 nuptias,
589 2729 658 2795 filio
673 2731 757 2816 regis
780 2730 937 2795 Altissimi
953 2730 1079 2796 Christo
1087 2730 1208 2795 nubere
1221 2731 1331 2797 voluit.

279 2841 376 2908 Unde
388 2842 550 2928 eleganter
561 2839 691 2926 eligens,
702 2840 802 2906 filiurn
818 2839 921 2905 solum
932 2841 1015 2928 regis
1030 2840 1138 2906 aeterni
1149 2839 1242 2906 duxit
1251 2863 1328 2927 prm·

278 2952 466 3029 ferendum3
491 2951 699 3036 habitumque
732 2950 895 3038 religionis
929 2951 1069 3040 suscepit
1095 2952 1181 3040 apud
1210 2953 1333 3019 fontem

280 3064 443 3144 Everardi,
461 3061 514 3128 ubi
525 3076 633 3150 postea
647 3061 707 3127 fuit
723 3062 899 3128 Abbatissa

325 3175 461 3252 Interea,
477 3173 543 3238 dux
560 3169 729 3249 liebertus,
745 3171 871 3237 rediens
886 3171 926 3237 de
948 3172 1048 3239 Terra
1070 3174 1195 3254 Sancta,
1211 3177 1336 3242 circiter

283 3308 369 3352 anno
384 3284 517 3350 Domini
532 3282 602 3350 MC
620 3297 652 3346 et
668 3281 779 3367 primo,
794 3283 828 3346 in
844 3283 987 3369 partibus
1008 3285 1224 3350 transmarinis
1240 3307 1334 3351 uxor·

281 3419 333 3463 em
362 3395 456 3461 duxit
486 3392 742 3482 pulcherrimam,
773 3393 904 3458 nomine
935 3391 1143 3482 Sexburgam,
1168 3410 1200 3460 et
1229 3395 1268 3461 de
1298 3417 1336 3462 ea

284 3666 452 3714 Taoruovtrtr.
462 3667 516 3707 stoan
523 3668 573 3707 Lun
582 3665 705 3705 Lunsrortt
715 3675 719 3708 ;
733 3662 773 3701 but
781 3662 872 3710 bymore
880 3660 972 3702 ctetllble
984 3661 1073 3710 writers,
1082 3661 1177 3710 Tacitus,
1184 3663 1288 3714 Ptolem,
1296 3665 1340 3705 and

284 3731 403 3776 armatae,
413 3731 540 3771 Lonnrrurt
550 3746 555 3778 ;
573 3732 602 3780 by
610 3728 739 3770 Ammianus
749 3729 894 3775 Marcellinus,
903 3729 935 3768 lor
943 3728 982 3768 her
989 3729 1101 3768 axeettlve
1109 3731 1236 3780 prornersty,
1253 3733 1341 3772 Auens·

283 3797 358 3842 ruthe
365 3800 456 3844 metent
463 3796 510 3836 title
516 3797 563 3838 thet
571 3807 610 3835 ern
617 3796 643 3835 ha
649 3794 713 3842 elren
718 3798 741 3834 to
746 3803 795 3843 auyt
802 3795 829 3843 hy
839 3794 945 3834 numne·
953 3794 1075 3841 rotatas.
1084 3793 1111 3844 by
1119 3797 1225 3844 umagen
1232 3797 1341 3844 Lornn,

282 3863 326 3902 and
334 3863 362 3911 by
370 3871 397 3900 ut
406 3862 510 3902 Losuort.
544 3861 597 3901 Thra
605 3859 712 3900 cltledoth
719 3859 807 3900 thena·
818 3860 855 3899 the
863 3859 936 3899 eadm
941 3868 1020 3908 amona
1025 3859 1086 3900 other
1098 3863 1161 3909 treet,
1169 3861 1232 3912 belus
1243 3864 1280 3902 the
1297 3867 1343 3903 raet

285 3928 311 3968 ot
320 3927 445 3968 theBrltlth
452 3927 523 3976 unga,
530 3927 567 3966 the
575 3925 705 3966 chamberes
711 3925 747 3965 tlte
755 3925 852 3976 English,
859 3925 896 3965 the
902 3923 972 3966 model
979 3925 1046 3966 ortua
1052 3925 1110 3974 land,
1120 3926 1162 3966 md
1169 3928 1205 3968 tlte
1212 3933 1268 3969 mart
1275 3931 1299 3969 of
1306 3929 1342 3969 the

279 3989 377 4037 ,world.”

310 4059 323 4082 ⁴
337 4057 409 4098 lrthlt
417 4056 498 4108 feeling
510 4059 534 4098 or
540 4059 662 4098 reluctsnce
670 4068 714 4098 wat
722 4057 811 4106 elucere,
826 4057 875 4108 why
884 4058 920 4099 tid
928 4061 966 4099 not
981 4058 1054 4110 fleury
1062 4059 1134 4110 rarlgn
1142 4060 1179 4101 tlte
1186 4070 1265 4110 cren,
1277 4061 1340 4102 when

284 4125 318 4163 hit
325 4124 412 4164 erodet
422 4123 520 4165 noma
528 4124 629 4166 returned
638 4126 646 4164 t

314 4202 322 4246 ΙΙ
337 4201 356 4240 A
365 4199 572 4242 butcherolltouen.
