<?xml version="1.0" encoding="UTF-8"?>
<!DOCTYPE html PUBLIC "-//W3C//DTD XHTML 1.0 Transitional//EN"
    "http://www.w3.org/TR/xhtml1/DTD/xhtml1-transitional.dtd">
<html xmlns="http://www.w3.org/1999/xhtml" xml:lang="en" lang="en">
 <head>
  <title>
</title>
<meta http-equiv="Content-Type" content="text/html;charset=utf-8" />
  <meta name='ocr-system' content='tesseract 3.04.00' />
  <meta name='ocr-capabilities' content='ocr_page ocr_carea ocr_par ocr_line ocrx_word'/>
</head>
<body>
  <div class='ocr_page' id='page_1' title='image "./chroniconhenric01henrgoog_0119.png"; bbox 0 0 3252 5170; ppageno 0'>
   <div class='ocr_carea' id='block_1_1' title="bbox 359 452 1050 518">
    <p class='ocr_par' dir='ltr' id='par_1_1' title="bbox 359 452 1050 518">
     <span class='ocr_line' id='line_1_1' title="bbox 359 452 1050 518; baseline -0.013 -1"><span class='ocrx_word' id='word_1_1' title='bbox 359 452 419 518; x_wconf 78' lang='lat'>114</span> <span class='ocrx_word' id='word_1_2' title='bbox 723 465 915 510; x_wconf 82' lang='lat' dir='ltr'>ennomcou</span> <span class='ocrx_word' id='word_1_3' title='bbox 937 463 1050 510; x_wconf 76' lang='lat' dir='ltr'>acnvs</span> 
     </span>
    </p>
   </div>
   <div class='ocr_carea' id='block_1_2' title="bbox 347 616 1407 4243">
    <p class='ocr_par' dir='ltr' id='par_1_2' title="bbox 349 616 1193 687">
     <span class='ocr_line' id='line_1_2' title="bbox 349 616 1193 687; baseline -0.007 -1"><span class='ocrx_word' id='word_1_4' title='bbox 349 621 511 687; x_wconf 85' lang='lat' dir='ltr'>Feliciana</span> <span class='ocrx_word' id='word_1_5' title='bbox 525 619 641 685; x_wconf 86' lang='lat' dir='ltr'>iterum</span> <span class='ocrx_word' id='word_1_6' title='bbox 657 640 676 684; x_wconf 90' lang='lat' dir='ltr'>a</span> <span class='ocrx_word' id='word_1_7' title='bbox 690 640 748 683; x_wconf 90' lang='lat' dir='ltr'>suo</span> <span class='ocrx_word' id='word_1_8' title='bbox 763 629 891 683; x_wconf 89' lang='lat' dir='ltr'>auctore</span> <span class='ocrx_word' id='word_1_9' title='bbox 907 616 1121 682; x_wconf 85' lang='lat' dir='ltr'>condemnata</span> <span class='ocrx_word' id='word_1_10' title='bbox 1135 626 1193 680; x_wconf 81' lang='lat' dir='ltr'>est.</span> 
     </span>
    </p>

    <p class='ocr_par' dir='ltr' id='par_1_3' title="bbox 392 730 700 822">
     <span class='ocr_line' id='line_1_3' title="bbox 392 730 700 822; baseline -0.013 -25"><span class='ocrx_word' id='word_1_11' title='bbox 392 731 543 797; x_wconf 87' lang='lat' dir='ltr'>Fastrada</span> <span class='ocrx_word' id='word_1_12' title='bbox 557 730 700 822; x_wconf 69' lang='lat' dir='ltr'>depessit.</span> 
     </span>
    </p>

    <p class='ocr_par' dir='ltr' id='par_1_4' title="bbox 393 841 881 929">
     <span class='ocr_line' id='line_1_4' title="bbox 393 841 881 929; baseline -0.012 -21"><span class='ocrx_word' id='word_1_13' title='bbox 393 842 533 908; x_wconf 84' lang='lat' dir='ltr'>Saxouia</span> <span class='ocrx_word' id='word_1_14' title='bbox 548 841 687 906; x_wconf 89' lang='lat' dir='ltr'>subacta.</span> <span class='ocrx_word' id='word_1_15' title='bbox 877 920 881 929; x_wconf 30' lang='grc' dir='ltr'>Ι</span> 
     </span>
    </p>

    <p class='ocr_par' dir='ltr' id='par_1_5' title="bbox 348 948 1406 1239">
     <span class='ocr_line' id='line_1_5' title="bbox 391 948 1406 1036; baseline -0.004 -18"><span class='ocrx_word' id='word_1_16' title='bbox 391 956 465 1019; x_wconf 82' lang='grc'><strong>795.</strong></span> <span class='ocrx_word' id='word_1_17' title='bbox 513 950 627 1017; x_wconf 88' lang='lat' dir='ltr'>Carlus</span> <span class='ocrx_word' id='word_1_18' title='bbox 645 951 817 1016; x_wconf 86' lang='lat' dir='ltr'>Saxoniam</span> <span class='ocrx_word' id='word_1_19' title='bbox 837 950 962 1036; x_wconf 84' lang='lat' dir='ltr'>ingenti</span> <span class='ocrx_word' id='word_1_20' title='bbox 984 948 1231 1036; x_wconf 81' lang='lat' dir='ltr'>depopulatione</span> <span class='ocrx_word' id='word_1_21' title='bbox 1247 949 1406 1014; x_wconf 82' lang='lat' dir='ltr'>devastat.</span> 
     </span>
     <span class='ocr_line' id='line_1_6' title="bbox 349 1059 1406 1147; baseline -0.003 -20"><span class='ocrx_word' id='word_1_22' title='bbox 349 1062 525 1127; x_wconf 84' lang='lat' dir='ltr'>-Vuitzin</span> <span class='ocrx_word' id='word_1_23' title='bbox 541 1061 607 1126; x_wconf 90' lang='lat' dir='ltr'>dux</span> <span class='ocrx_word' id='word_1_24' title='bbox 620 1060 849 1125; x_wconf 91' lang='lat' dir='ltr'>Abodritorum</span> <span class='ocrx_word' id='word_1_25' title='bbox 864 1060 905 1124; x_wconf 89' lang='lat' dir='ltr'>ad</span> <span class='ocrx_word' id='word_1_26' title='bbox 914 1081 1023 1147; x_wconf 84' lang='lat' dir='ltr'>regem</span> <span class='ocrx_word' id='word_1_27' title='bbox 1038 1081 1208 1146; x_wconf 84' lang='lat' dir='ltr'>pergensa</span> <span class='ocrx_word' id='word_1_28' title='bbox 1224 1059 1406 1126; x_wconf 85' lang='lat' dir='ltr'>Saxonibus</span> 
     </span>
     <span class='ocr_line' id='line_1_7' title="bbox 348 1173 513 1239; baseline 0 0"><span class='ocrx_word' id='word_1_29' title='bbox 348 1173 513 1239; x_wconf 88' lang='lat' dir='ltr'>occiditur.</span> 
     </span>
    </p>

    <p class='ocr_par' dir='ltr' id='par_1_6' title="bbox 348 1281 1407 1699">
     <span class='ocr_line' id='line_1_8' title="bbox 392 1281 1403 1369; baseline -0.004 -19"><span class='ocrx_word' id='word_1_30' title='bbox 392 1285 466 1350; x_wconf 88' lang='grc'><strong>796.</strong></span> <span class='ocrx_word' id='word_1_31' title='bbox 511 1282 654 1347; x_wconf 85' lang='lat' dir='ltr'>Adriano</span> <span class='ocrx_word' id='word_1_32' title='bbox 669 1283 821 1368; x_wconf 86' lang='lat' dir='ltr'>pontifice</span> <span class='ocrx_word' id='word_1_33' title='bbox 836 1281 988 1348; x_wconf 76' lang='lat' dir='ltr'>defuncto</span> <span class='ocrx_word' id='word_1_34' title='bbox 1011 1282 1080 1347; x_wconf 83' lang='lat' dir='ltr'>Leo</span> <span class='ocrx_word' id='word_1_35' title='bbox 1099 1304 1182 1369; x_wconf 89' lang='lat' dir='ltr'>papa</span> <span class='ocrx_word' id='word_1_36' title='bbox 1197 1282 1403 1348; x_wconf 73' lang='lat' dir='ltr'>successit-</span> 
     </span>
     <span class='ocr_line' id='line_1_9' title="bbox 348 1392 1407 1480; baseline -0.001 -22"><span class='ocrx_word' id='word_1_37' title='bbox 348 1393 442 1459; x_wconf 91' lang='lat' dir='ltr'>Huni</span> <span class='ocrx_word' id='word_1_38' title='bbox 457 1395 559 1477; x_wconf 88' lang='lat' dir='ltr'>primo</span> <span class='ocrx_word' id='word_1_39' title='bbox 574 1416 632 1480; x_wconf 91' lang='lat' dir='ltr'>per</span> <span class='ocrx_word' id='word_1_40' title='bbox 647 1394 778 1459; x_wconf 86' lang='lat' dir='ltr'>Ericum</span> <span class='ocrx_word' id='word_1_41' title='bbox 793 1392 910 1458; x_wconf 88' lang='lat' dir='ltr'>ducem</span> <span class='ocrx_word' id='word_1_42' title='bbox 925 1392 1197 1478; x_wconf 88' lang='lat' dir='ltr'>Foriojuliensem‚</span> <span class='ocrx_word' id='word_1_43' title='bbox 1213 1392 1330 1458; x_wconf 91' lang='lat' dir='ltr'>deinde</span> <span class='ocrx_word' id='word_1_44' title='bbox 1345 1415 1407 1480; x_wconf 81' lang='lat' dir='ltr'>per</span> 
     </span>
     <span class='ocr_line' id='line_1_10' title="bbox 348 1503 1406 1593; baseline 0 -23"><span class='ocrx_word' id='word_1_45' title='bbox 348 1503 528 1593; x_wconf 89' lang='lat' dir='ltr'>Pippinum</span> <span class='ocrx_word' id='word_1_46' title='bbox 542 1505 646 1570; x_wconf 90' lang='lat' dir='ltr'>filium</span> <span class='ocrx_word' id='word_1_47' title='bbox 658 1505 741 1590; x_wconf 85' lang='lat' dir='ltr'>regis</span> <span class='ocrx_word' id='word_1_48' title='bbox 750 1504 892 1568; x_wconf 84' lang='lat' dir='ltr'>subacti:</span> <span class='ocrx_word' id='word_1_49' title='bbox 917 1516 949 1568; x_wconf 87' lang='lat' dir='ltr'>et</span> <span class='ocrx_word' id='word_1_50' title='bbox 958 1526 1069 1568; x_wconf 90' lang='lat' dir='ltr'>omnes</span> <span class='ocrx_word' id='word_1_51' title='bbox 1086 1504 1261 1568; x_wconf 90' lang='lat' dir='ltr'>Hunorum</span> <span class='ocrx_word' id='word_1_52' title='bbox 1276 1525 1352 1590; x_wconf 82' lang='lat' dir='ltr'>opes</span> <span class='ocrx_word' id='word_1_53' title='bbox 1366 1527 1406 1570; x_wconf 88' lang='lat' dir='ltr'>ac</span> 
     </span>
     <span class='ocr_line' id='line_1_11' title="bbox 348 1615 1230 1699; baseline -0.005 -18"><span class='ocrx_word' id='word_1_54' title='bbox 348 1616 489 1681; x_wconf 76' lang='lat' dir='ltr'>thesauri</span> <span class='ocrx_word' id='word_1_55' title='bbox 504 1615 815 1680; x_wconf 76' lang='lat' dir='ltr'>sublati-Saxonis</span> <span class='ocrx_word' id='word_1_56' title='bbox 829 1615 944 1678; x_wconf 91' lang='lat' dir='ltr'>iterum</span> <span class='ocrx_word' id='word_1_57' title='bbox 960 1636 979 1678; x_wconf 88' lang='lat' dir='ltr'>a</span> <span class='ocrx_word' id='word_1_58' title='bbox 992 1635 1067 1699; x_wconf 84' lang='lat' dir='ltr'>rege</span> <span class='ocrx_word' id='word_1_59' title='bbox 1081 1626 1230 1678; x_wconf 87' lang='lat' dir='ltr'>vastatur.</span> 
     </span>
    </p>

    <p class='ocr_par' dir='ltr' id='par_1_7' title="bbox 349 1723 1403 1921">
     <span class='ocr_line' id='line_1_12' title="bbox 391 1723 1403 1812; baseline -0.003 -20"><span class='ocrx_word' id='word_1_60' title='bbox 391 1730 465 1792; x_wconf 88' lang='grc'><strong>797.</strong></span> <span class='ocrx_word' id='word_1_61' title='bbox 511 1727 691 1791; x_wconf 87' lang='lat' dir='ltr'>Barcinona</span> <span class='ocrx_word' id='word_1_62' title='bbox 721 1724 887 1812; x_wconf 72' lang='lat' dir='ltr'>Hispaniae</span> <span class='ocrx_word' id='word_1_63' title='bbox 916 1747 972 1808; x_wconf 89' lang='lat' dir='ltr'>per</span> <span class='ocrx_word' id='word_1_64' title='bbox 998 1724 1161 1788; x_wconf 91' lang='lat' dir='ltr'>Zaranum</span> <span class='ocrx_word' id='word_1_65' title='bbox 1193 1723 1403 1790; x_wconf 91' lang='lat' dir='ltr'>Sarracenum</span> 
     </span>
     <span class='ocr_line' id='line_1_13' title="bbox 349 1836 1326 1921; baseline -0.005 -17"><span class='ocrx_word' id='word_1_66' title='bbox 349 1838 465 1904; x_wconf 86' lang='lat' dir='ltr'>Carolo</span> <span class='ocrx_word' id='word_1_67' title='bbox 478 1836 878 1903; x_wconf 76' lang='lat' dir='ltr'>tradita-Constantinus</span> <span class='ocrx_word' id='word_1_68' title='bbox 893 1836 1064 1921; x_wconf 90' lang='lat' dir='ltr'>imperator</span> <span class='ocrx_word' id='word_1_69' title='bbox 1079 1847 1254 1899; x_wconf 88' lang='lat' dir='ltr'>excaecatus</span> <span class='ocrx_word' id='word_1_70' title='bbox 1269 1848 1326 1899; x_wconf 87' lang='lat' dir='ltr'>est.</span> 
     </span>
    </p>

    <p class='ocr_par' dir='ltr' id='par_1_8' title="bbox 348 1943 1404 2255">
     <span class='ocr_line' id='line_1_14' title="bbox 395 1943 1404 2013; baseline -0.003 0"><span class='ocrx_word' id='word_1_71' title='bbox 395 1949 467 2013; x_wconf 87' lang='grc'><strong>798.</strong></span> <span class='ocrx_word' id='word_1_72' title='bbox 493 1947 605 2012; x_wconf 88' lang='lat' dir='ltr'>Carlus</span> <span class='ocrx_word' id='word_1_73' title='bbox 626 1970 702 2011; x_wconf 91' lang='lat' dir='ltr'>cum</span> <span class='ocrx_word' id='word_1_74' title='bbox 723 1947 866 2010; x_wconf 88' lang='lat' dir='ltr'>exercitu</span> <span class='ocrx_word' id='word_1_75' title='bbox 882 1945 1023 2008; x_wconf 89' lang='lat' dir='ltr'>hiemem</span> <span class='ocrx_word' id='word_1_76' title='bbox 1042 1945 1077 2007; x_wconf 93' lang='lat' dir='ltr'>in</span> <span class='ocrx_word' id='word_1_77' title='bbox 1099 1943 1283 2009; x_wconf 88' lang='lat' dir='ltr'>Heristallio</span> <span class='ocrx_word' id='word_1_78' title='bbox 1305 1946 1404 2010; x_wconf 83' lang='lat' dir='ltr'>Saxo·</span> 
     </span>
     <span class='ocr_line' id='line_1_15' title="bbox 352 2043 1404 2139; baseline -0.003 -17"><span class='ocrx_word' id='word_1_79' title='bbox 352 2058 435 2122; x_wconf 86' lang='lat' dir='ltr'>nico.</span> <span class='ocrx_word' id='word_1_80' title='bbox 479 2057 629 2122; x_wconf 87' lang='lat' dir='ltr'>Abodriti</span> <span class='ocrx_word' id='word_1_81' title='bbox 653 2059 795 2122; x_wconf 85' lang='lat' dir='ltr'>Saxones</span> <span class='ocrx_word' id='word_1_82' title='bbox 817 2053 1045 2120; x_wconf 88' lang='lat' dir='ltr'>transalbianos</span> <span class='ocrx_word' id='word_1_83' title='bbox 1066 2043 1178 2139; x_wconf 83' lang='lat' dir='ltr'>proelio</span> <span class='ocrx_word' id='word_1_84' title='bbox 1191 2098 1229 2120; x_wconf 88' lang='lat'>...</span> <span class='ocrx_word' id='word_1_85' title='bbox 1242 2053 1404 2120; x_wconf 89' lang='lat' dir='ltr'>-Mauri</span> 
     </span>
     <span class='ocr_line' id='line_1_16' title="bbox 348 2166 860 2255; baseline 0 -24"><span class='ocrx_word' id='word_1_86' title='bbox 348 2168 513 2255; x_wconf 79' lang='lat' dir='ltr'>piraticam</span> <span class='ocrx_word' id='word_1_87' title='bbox 528 2190 674 2232; x_wconf 85' lang='lat' dir='ltr'>exercere</span> <span class='ocrx_word' id='word_1_88' title='bbox 690 2166 860 2252; x_wconf 84' lang='lat' dir='ltr'>incipiunt.</span> 
     </span>
    </p>

    <p class='ocr_par' dir='ltr' id='par_1_9' title="bbox 348 2275 1404 2676">
     <span class='ocr_line' id='line_1_17' title="bbox 393 2275 1404 2364; baseline -0.006 -18"><span class='ocrx_word' id='word_1_89' title='bbox 393 2283 468 2346; x_wconf 92' lang='grc'><strong>799.</strong></span> <span class='ocrx_word' id='word_1_90' title='bbox 491 2282 560 2345; x_wconf 77' lang='lat' dir='ltr'>Leo</span> <span class='ocrx_word' id='word_1_91' title='bbox 581 2303 664 2364; x_wconf 87' lang='lat' dir='ltr'>papa</span> <span class='ocrx_word' id='word_1_92' title='bbox 685 2292 861 2344; x_wconf 87' lang='lat' dir='ltr'>excaecatus</span> <span class='ocrx_word' id='word_1_93' title='bbox 882 2279 971 2342; x_wconf 92' lang='lat' dir='ltr'>etin</span> <span class='ocrx_word' id='word_1_94' title='bbox 999 2276 1167 2341; x_wconf 87' lang='lat' dir='ltr'>Franciam</span> <span class='ocrx_word' id='word_1_95' title='bbox 1189 2276 1230 2340; x_wconf 89' lang='lat' dir='ltr'>ad</span> <span class='ocrx_word' id='word_1_96' title='bbox 1253 2275 1404 2341; x_wconf 89' lang='lat' dir='ltr'>Carolum</span> 
     </span>
     <span class='ocr_line' id='line_1_18' title="bbox 348 2386 1402 2473; baseline -0.002 -20"><span class='ocrx_word' id='word_1_97' title='bbox 348 2388 514 2454; x_wconf 89' lang='lat' dir='ltr'>adductus.</span> <span class='ocrx_word' id='word_1_98' title='bbox 560 2388 675 2452; x_wconf 90' lang='lat' dir='ltr'>Ericus</span> <span class='ocrx_word' id='word_1_99' title='bbox 690 2387 759 2452; x_wconf 87' lang='lat' dir='ltr'>dux</span> <span class='ocrx_word' id='word_1_100' title='bbox 773 2386 998 2473; x_wconf 87' lang='lat' dir='ltr'>Forojuliensis</span> <span class='ocrx_word' id='word_1_101' title='bbox 1009 2386 1103 2470; x_wconf 83' lang='lat' dir='ltr'>juxta</span> <span class='ocrx_word' id='word_1_102' title='bbox 1124 2386 1305 2451; x_wconf 81' lang='lat' dir='ltr'>Tharsicam</span> <span class='ocrx_word' id='word_1_103' title='bbox 1326 2387 1402 2452; x_wconf 90' lang='lat' dir='ltr'>civi-</span> 
     </span>
     <span class='ocr_line' id='line_1_19' title="bbox 348 2496 1404 2582; baseline -0.002 -18"><span class='ocrx_word' id='word_1_104' title='bbox 348 2512 447 2564; x_wconf 90' lang='lat' dir='ltr'>tatem</span> <span class='ocrx_word' id='word_1_105' title='bbox 459 2499 633 2565; x_wconf 87' lang='lat' dir='ltr'>occiditur:</span> <span class='ocrx_word' id='word_1_106' title='bbox 657 2511 690 2564; x_wconf 89' lang='lat' dir='ltr'>et</span> <span class='ocrx_word' id='word_1_107' title='bbox 702 2498 851 2564; x_wconf 84' lang='lat' dir='ltr'>Geroltus</span> <span class='ocrx_word' id='word_1_108' title='bbox 863 2497 1017 2561; x_wconf 87' lang='lat' dir='ltr'>Baioariae</span> <span class='ocrx_word' id='word_1_109' title='bbox 1028 2496 1195 2582; x_wconf 86' lang='lat' dir='ltr'>praefectus</span> <span class='ocrx_word' id='word_1_110' title='bbox 1204 2520 1277 2563; x_wconf 92' lang='lat' dir='ltr'>cum</span> <span class='ocrx_word' id='word_1_111' title='bbox 1289 2497 1404 2564; x_wconf 86' lang='lat' dir='ltr'>Avaris</span> 
     </span>
     <span class='ocr_line' id='line_1_20' title="bbox 349 2610 711 2676; baseline 0.003 -1"><span class='ocrx_word' id='word_1_112' title='bbox 349 2611 503 2676; x_wconf 87' lang='lat' dir='ltr'>dimicans</span> <span class='ocrx_word' id='word_1_113' title='bbox 518 2610 711 2676; x_wconf 88' lang='lat' dir='ltr'>interfectus.</span> 
     </span>
    </p>

    <p class='ocr_par' dir='ltr' id='par_1_10' title="bbox 347 2719 1401 3024">
     <span class='ocr_line' id='line_1_21' title="bbox 391 2719 1400 2788; baseline -0.001 -2"><span class='ocrx_word' id='word_1_114' title='bbox 391 2725 467 2786; x_wconf 86' lang='lat'><strong>800.</strong></span> <span class='ocrx_word' id='word_1_115' title='bbox 491 2721 622 2786; x_wconf 87' lang='lat' dir='ltr'>Carolus</span> <span class='ocrx_word' id='word_1_116' title='bbox 637 2721 788 2786; x_wconf 91' lang='lat' dir='ltr'>orationis</span> <span class='ocrx_word' id='word_1_117' title='bbox 802 2744 896 2788; x_wconf 89' lang='lat' dir='ltr'>causa</span> <span class='ocrx_word' id='word_1_118' title='bbox 906 2721 1044 2788; x_wconf 72' lang='lat' dir='ltr'>Turonis</span> <span class='ocrx_word' id='word_1_119' title='bbox 1056 2722 1097 2786; x_wconf 91' lang='lat' dir='ltr'>ad</span> <span class='ocrx_word' id='word_1_120' title='bbox 1110 2720 1291 2786; x_wconf 86' lang='lat' dir='ltr'>Martinum</span> <span class='ocrx_word' id='word_1_121' title='bbox 1303 2719 1400 2785; x_wconf 86' lang='lat' dir='ltr'>vadit.</span> 
     </span>
     <span class='ocr_line' id='line_1_22' title="bbox 347 2830 1401 2918; baseline -0.002 -22"><span class='ocrx_word' id='word_1_122' title='bbox 347 2830 430 2896; x_wconf 85' lang='lat' dir='ltr'>lude</span> <span class='ocrx_word' id='word_1_123' title='bbox 445 2854 586 2896; x_wconf 87' lang='lat' dir='ltr'>reversus</span> <span class='ocrx_word' id='word_1_124' title='bbox 602 2846 732 2917; x_wconf 90' lang='lat' dir='ltr'>propter</span> <span class='ocrx_word' id='word_1_125' title='bbox 747 2833 865 2897; x_wconf 86' lang='lat' dir='ltr'>Leonis</span> <span class='ocrx_word' id='word_1_126' title='bbox 879 2856 967 2918; x_wconf 87' lang='lat' dir='ltr'>papae</span> <span class='ocrx_word' id='word_1_127' title='bbox 982 2857 1109 2899; x_wconf 89' lang='lat' dir='ltr'>causam</span> <span class='ocrx_word' id='word_1_128' title='bbox 1127 2834 1241 2897; x_wconf 86' lang='lat' dir='ltr'>Romae</span> <span class='ocrx_word' id='word_1_129' title='bbox 1260 2831 1401 2918; x_wconf 86' lang='lat' dir='ltr'>proficis·</span> 
     </span>
     <span class='ocr_line' id='line_1_23' title="bbox 348 2939 1380 3024; baseline -0.002 -16"><span class='ocrx_word' id='word_1_130' title='bbox 348 2944 439 3018; x_wconf 86' lang='lat' dir='ltr'>citur,</span> <span class='ocrx_word' id='word_1_131' title='bbox 455 2942 563 3024; x_wconf 85' lang='lat' dir='ltr'>ibique</span> <span class='ocrx_word' id='word_1_132' title='bbox 579 2939 739 3019; x_wconf 87' lang='lat' dir='ltr'>hiemavit,</span> <span class='ocrx_word' id='word_1_133' title='bbox 755 2954 789 3006; x_wconf 97' lang='lat' dir='ltr'>et</span> <span class='ocrx_word' id='word_1_134' title='bbox 803 2944 979 3008; x_wconf 86' lang='lat' dir='ltr'>exercitum</span> <span class='ocrx_word' id='word_1_135' title='bbox 994 2945 1028 3008; x_wconf 92' lang='lat' dir='ltr'>in</span> <span class='ocrx_word' id='word_1_136' title='bbox 1046 2947 1270 3009; x_wconf 89' lang='lat' dir='ltr'>Beneventum</span> <span class='ocrx_word' id='word_1_137' title='bbox 1283 2942 1380 3006; x_wconf 87' lang='lat' dir='ltr'>misit.</span> 
     </span>
    </p>

    <p class='ocr_par' dir='ltr' id='par_1_11' title="bbox 347 3052 1401 3360">
     <span class='ocr_line' id='line_1_24' title="bbox 391 3052 1401 3140; baseline 0 -24"><span class='ocrx_word' id='word_1_138' title='bbox 391 3055 467 3116; x_wconf 89' lang='grc'><strong>801.</strong></span> <span class='ocrx_word' id='word_1_139' title='bbox 490 3052 621 3116; x_wconf 85' lang='lat' dir='ltr'>Carolus</span> <span class='ocrx_word' id='word_1_140' title='bbox 649 3074 707 3116; x_wconf 86' lang='lat' dir='ltr'>rex</span> <span class='ocrx_word' id='word_1_141' title='bbox 733 3056 904 3140; x_wconf 89' lang='lat' dir='ltr'>imperator</span> <span class='ocrx_word' id='word_1_142' title='bbox 925 3067 959 3118; x_wconf 91' lang='lat' dir='ltr'>et</span> <span class='ocrx_word' id='word_1_143' title='bbox 981 3054 1147 3140; x_wconf 85' lang='lat' dir='ltr'>Augustus</span> <span class='ocrx_word' id='word_1_144' title='bbox 1169 3052 1346 3140; x_wconf 90' lang='lat' dir='ltr'>appellatur</span> <span class='ocrx_word' id='word_1_145' title='bbox 1367 3064 1401 3116; x_wconf 88' lang='lat' dir='ltr'>et</span> 
     </span>
     <span class='ocr_line' id='line_1_25' title="bbox 347 3162 1398 3250; baseline 0 -23"><span class='ocrx_word' id='word_1_146' title='bbox 347 3176 456 3227; x_wconf 87' lang='lat' dir='ltr'>motus</span> <span class='ocrx_word' id='word_1_147' title='bbox 469 3163 623 3227; x_wconf 83' lang='lat' dir='ltr'>maximos</span> <span class='ocrx_word' id='word_1_148' title='bbox 638 3163 724 3228; x_wconf 87' lang='lat' dir='ltr'>fusit.</span> <span class='ocrx_word' id='word_1_149' title='bbox 737 3213 745 3228; x_wconf 89' lang='lat'><strong>.</strong></span> <span class='ocrx_word' id='word_1_150' title='bbox 757 3162 820 3228; x_wconf 88' lang='lat' dir='ltr'>kal.</span> <span class='ocrx_word' id='word_1_151' title='bbox 836 3163 1153 3230; x_wconf 89' lang='lat' dir='ltr'>Maii.-Barcinona</span> <span class='ocrx_word' id='word_1_152' title='bbox 1174 3166 1208 3228; x_wconf 94' lang='lat' dir='ltr'>in</span> <span class='ocrx_word' id='word_1_153' title='bbox 1230 3163 1398 3250; x_wconf 87' lang='lat' dir='ltr'>Hispania,</span> 
     </span>
     <span class='ocr_line' id='line_1_26' title="bbox 350 3273 823 3360; baseline -0.002 -21"><span class='ocrx_word' id='word_1_154' title='bbox 350 3274 452 3339; x_wconf 87' lang='lat' dir='ltr'>Teate</span> <span class='ocrx_word' id='word_1_155' title='bbox 467 3273 502 3337; x_wconf 90' lang='lat' dir='ltr'>in</span> <span class='ocrx_word' id='word_1_156' title='bbox 518 3273 611 3338; x_wconf 90' lang='lat' dir='ltr'>Italia</span> <span class='ocrx_word' id='word_1_157' title='bbox 625 3285 727 3360; x_wconf 88' lang='lat' dir='ltr'>captae</span> <span class='ocrx_word' id='word_1_158' title='bbox 741 3286 823 3339; x_wconf 86' lang='lat' dir='ltr'>sunt.</span> 
     </span>
    </p>

    <p class='ocr_par' dir='ltr' id='par_1_12' title="bbox 347 3382 1401 3690">
     <span class='ocr_line' id='line_1_27' title="bbox 392 3382 1401 3469; baseline -0.001 -22"><span class='ocrx_word' id='word_1_159' title='bbox 392 3387 467 3448; x_wconf 79' lang='lat'><strong>820.</strong></span> <span class='ocrx_word' id='word_1_160' title='bbox 491 3385 578 3450; x_wconf 89' lang='lat' dir='ltr'>Aron</span> <span class='ocrx_word' id='word_1_161' title='bbox 595 3405 651 3448; x_wconf 83' lang='lat' dir='ltr'>rex</span> <span class='ocrx_word' id='word_1_162' title='bbox 666 3385 834 3447; x_wconf 89' lang='lat' dir='ltr'>Persarum</span> <span class='ocrx_word' id='word_1_163' title='bbox 849 3383 1057 3469; x_wconf 87' lang='lat' dir='ltr'>elephantum</span> <span class='ocrx_word' id='word_1_164' title='bbox 1071 3383 1112 3448; x_wconf 90' lang='lat' dir='ltr'>ad</span> <span class='ocrx_word' id='word_1_165' title='bbox 1129 3382 1276 3447; x_wconf 88' lang='lat' dir='ltr'>Carolnm</span> <span class='ocrx_word' id='word_1_166' title='bbox 1293 3382 1401 3446; x_wconf 91' lang='lat' dir='ltr'>mittit.</span> 
     </span>
     <span class='ocr_line' id='line_1_28' title="bbox 348 3492 1400 3580; baseline -0.003 -22"><span class='ocrx_word' id='word_1_167' title='bbox 348 3493 418 3558; x_wconf 90' lang='lat' dir='ltr'>Pax</span> <span class='ocrx_word' id='word_1_168' title='bbox 440 3517 514 3558; x_wconf 91' lang='lat' dir='ltr'>cum</span> <span class='ocrx_word' id='word_1_169' title='bbox 539 3493 660 3558; x_wconf 88' lang='lat' dir='ltr'>Graecis</span> <span class='ocrx_word' id='word_1_170' title='bbox 682 3495 772 3558; x_wconf 87' lang='lat' dir='ltr'>facta</span> <span class='ocrx_word' id='word_1_171' title='bbox 812 3493 963 3580; x_wconf 85' lang='lat' dir='ltr'>Uvigisus</span> <span class='ocrx_word' id='word_1_172' title='bbox 985 3493 1053 3558; x_wconf 87' lang='lat' dir='ltr'>dux</span> <span class='ocrx_word' id='word_1_173' title='bbox 1075 3493 1265 3580; x_wconf 89' lang='lat' dir='ltr'>Spoletanus</span> <span class='ocrx_word' id='word_1_174' title='bbox 1286 3516 1306 3558; x_wconf 91' lang='lat' dir='ltr'>a</span> <span class='ocrx_word' id='word_1_175' title='bbox 1327 3492 1400 3558; x_wconf 85' lang='lat' dir='ltr'>Gri-</span> 
     </span>
     <span class='ocr_line' id='line_1_29' title="bbox 347 3604 591 3690; baseline 0 -22"><span class='ocrx_word' id='word_1_176' title='bbox 347 3604 455 3668; x_wconf 91' lang='lat' dir='ltr'>moldo</span> <span class='ocrx_word' id='word_1_177' title='bbox 471 3616 591 3690; x_wconf 88' lang='lat' dir='ltr'>captus.</span> 
     </span>
    </p>

    <p class='ocr_par' dir='ltr' id='par_1_13' title="bbox 347 3715 1402 3913">
     <span class='ocr_line' id='line_1_30' title="bbox 390 3715 1402 3802; baseline 0 -23"><span class='ocrx_word' id='word_1_178' title='bbox 390 3719 465 3780; x_wconf 87' lang='lat'><strong>803.</strong></span> <span class='ocrx_word' id='word_1_179' title='bbox 488 3717 556 3779; x_wconf 84' lang='lat' dir='ltr'>Pax</span> <span class='ocrx_word' id='word_1_180' title='bbox 570 3717 654 3780; x_wconf 87' lang='lat' dir='ltr'>inter</span> <span class='ocrx_word' id='word_1_181' title='bbox 669 3715 817 3797; x_wconf 88' lang='lat' dir='ltr'>Carolum</span> <span class='ocrx_word' id='word_1_182' title='bbox 832 3729 866 3780; x_wconf 91' lang='lat' dir='ltr'>et</span> <span class='ocrx_word' id='word_1_183' title='bbox 882 3715 1104 3801; x_wconf 88' lang='lat' dir='ltr'>Nicephorum</span> <span class='ocrx_word' id='word_1_184' title='bbox 1118 3716 1323 3802; x_wconf 88' lang='lat' dir='ltr'>imperatores</span> <span class='ocrx_word' id='word_1_185' title='bbox 1344 3736 1402 3800; x_wconf 89' lang='lat' dir='ltr'>per</span> 
     </span>
     <span class='ocr_line' id='line_1_31' title="bbox 347 3827 928 3913; baseline 0.003 -24"><span class='ocrx_word' id='word_1_186' title='bbox 347 3827 585 3913; x_wconf 91' lang='lat' dir='ltr'>inscriptionem</span> <span class='ocrx_word' id='word_1_187' title='bbox 601 3827 685 3911; x_wconf 90' lang='lat' dir='ltr'>pacti</span> <span class='ocrx_word' id='word_1_188' title='bbox 700 3841 928 3891; x_wconf 79' lang='lat' dir='ltr'>consummata.</span> 
     </span>
    </p>

    <p class='ocr_par' dir='ltr' id='par_1_14' title="bbox 348 3929 1399 4134">
     <span class='ocr_line' id='line_1_32' title="bbox 389 3929 1399 4003; baseline 0 -3"><span class='ocrx_word' id='word_1_189' title='bbox 389 3940 461 4001; x_wconf 88' lang='lat'>804.</span> <span class='ocrx_word' id='word_1_190' title='bbox 488 3936 622 4001; x_wconf 89' lang='lat' dir='ltr'>Carolus</span> <span class='ocrx_word' id='word_1_191' title='bbox 634 3929 773 4002; x_wconf 87' lang='lat' dir='ltr'>Saxones</span> <span class='ocrx_word' id='word_1_192' title='bbox 782 3938 1023 4003; x_wconf 74' lang='lat' dir='ltr'>&#39;.lhansalbianos</span> <span class='ocrx_word' id='word_1_193' title='bbox 1035 3938 1069 4002; x_wconf 93' lang='lat' dir='ltr'>in</span> <span class='ocrx_word' id='word_1_194' title='bbox 1082 3936 1247 4002; x_wconf 82' lang='lat' dir='ltr'>Franciam</span> <span class='ocrx_word' id='word_1_195' title='bbox 1261 3948 1399 4000; x_wconf 75' lang='lat' dir='ltr'>uanstu-</span> 
     </span>
     <span class='ocr_line' id='line_1_33' title="bbox 348 4047 1007 4134; baseline 0 -23"><span class='ocrx_word' id='word_1_196' title='bbox 348 4047 396 4113; x_wconf 89' lang='lat' dir='ltr'>lit.</span> <span class='ocrx_word' id='word_1_197' title='bbox 441 4048 509 4112; x_wconf 88' lang='lat' dir='ltr'>Leo</span> <span class='ocrx_word' id='word_1_198' title='bbox 525 4048 614 4132; x_wconf 90' lang='lat' dir='ltr'>Papa</span> <span class='ocrx_word' id='word_1_199' title='bbox 628 4048 668 4113; x_wconf 91' lang='lat' dir='ltr'>ad</span> <span class='ocrx_word' id='word_1_200' title='bbox 685 4049 776 4113; x_wconf 94' lang='lat' dir='ltr'>illum</span> <span class='ocrx_word' id='word_1_201' title='bbox 792 4050 896 4134; x_wconf 90' lang='lat' dir='ltr'>Aquis</span> <span class='ocrx_word' id='word_1_202' title='bbox 910 4049 1007 4113; x_wconf 80' lang='lat' dir='ltr'>venit</span> 
     </span>
    </p>

    <p class='ocr_par' dir='ltr' id='par_1_15' title="bbox 390 4155 1400 4243">
     <span class='ocr_line' id='line_1_34' title="bbox 390 4155 1400 4243; baseline -0.001 -22"><span class='ocrx_word' id='word_1_203' title='bbox 390 4162 463 4223; x_wconf 88' lang='lat'><strong>805.</strong></span> <span class='ocrx_word' id='word_1_204' title='bbox 487 4158 618 4223; x_wconf 88' lang='lat' dir='ltr'>Carolus</span> <span class='ocrx_word' id='word_1_205' title='bbox 636 4159 746 4243; x_wconf 89' lang='lat' dir='ltr'>junior</span> <span class='ocrx_word' id='word_1_206' title='bbox 778 4182 852 4223; x_wconf 91' lang='lat' dir='ltr'>cum</span> <span class='ocrx_word' id='word_1_207' title='bbox 875 4159 1018 4222; x_wconf 87' lang='lat' dir='ltr'>exercitu</span> <span class='ocrx_word' id='word_1_208' title='bbox 1052 4159 1085 4221; x_wconf 93' lang='lat' dir='ltr'>in</span> <span class='ocrx_word' id='word_1_209' title='bbox 1119 4156 1291 4222; x_wconf 91' lang='lat' dir='ltr'>Boheimos</span> <span class='ocrx_word' id='word_1_210' title='bbox 1324 4155 1400 4221; x_wconf 92' lang='lat' dir='ltr'>mis·</span> 
     </span>
    </p>
   </div>
   <div class='ocr_carea' id='block_1_3' title="bbox 0 0 1630 5170">
    <p class='ocr_par' dir='ltr' id='par_1_16' title="bbox 0 0 1630 5170">
     <span class='ocr_line' id='line_1_35' title="bbox 0 0 1630 5170; baseline 0 0"><span class='ocrx_word' id='word_1_211' title='bbox 0 0 1630 5170; x_wconf 95' lang='lat' dir='ltr'> </span> 
     </span>
    </p>
   </div>
  </div>
 </body>
</html>
